2768 4268
174 297 216 362 24
260 295 263 302 '
395 312 527 360 suasor
549 310 756 358 unnrmvan
781 310 1011 358 occurreras

172 487 310 564 pactum
334 479 595 544 confirmationis
618 486 730 543 nostro
754 478 816 542 tibi
839 479 936 543 beato
959 478 1062 543 Petro
1085 479 1229 563 principi

172 585 399 668 apostolorum
416 592 450 649 et
466 585 635 669 clavigero
651 584 747 668 regni
763 584 912 647 celorum
927 590 963 647 et
977 605 1036 666 per
1052 590 1085 647 te
1102 584 1228 647 vicario

173 695 232 751 tuo
255 688 377 751 domno
396 688 544 751 Johanni
560 709 690 751 summo
706 687 857 771 pontifici
873 695 908 752 et·
924 688 1107 751 universali
1123 687 1230 749 XII¹¹¹⁰

172 813 266 876 pape,
279 793 368 856 sicut
380 813 399 855 a
411 791 698 876 predecessoribus
712 792 831 855 vestris
845 812 951 875 usque
965 812 1054 854 nuno
1068 792 1103 853 in
1117 800 1229 856 vestra

171 902 338 981 potestate
367 904 468 979 atque
497 895 628 958 dicione
655 896 811 959 tenuistis
836 905 871 958 et
894 894 1123 979 disposuistis:
1152 898 1229 961 civi-

171 1006 276 1064 tatem
308 999 492 1062 Romanam
521 1021 597 1063 cum
628 998 754 1062 ducatu
781 1021 842 1062 suo
869 1007 904 1062 et
930 998 1129 1062 suburbanis
1159 1001 1230 1064 suis

171 1110 279 1187 atque·
301 1104 421 1167 viculis
451 1103 604 1167 omnibus
632 1111 667 1167 et
694 1103 869 1167 territoriis
895 1103 967 1187 ejus
992 1104 1160 1167 montanis
1191 1125 1229 1168 ac

173 1208 357 1282 maritimis,
374 1207 527 1271 litoribus
547 1229 584 1270 ac
605 1206 777 1291 portubus,
795 1228 855 1270 seu
878 1208 1011 1271 cunctis
1035 1208 1230 1272 civitatibus

172 1311 319 1375 castellis
337 1310 467 1395 oppidis
492 1333 529 1374 ao
548 1311 668 1375 viculis
694 1311 815 1374 Tuscie
839 1311 1001 1394 partibus,
1017 1310 1052 1373 id
1075 1318 1127 1375 est
1150 1313 1230 1375 Por-

172 1423 255 1490 tum,
285 1414 543 1489 Centumcellas
571 1414 699 1490 Cerem,
725 1413 875 1490 Bledam,
901 1414 1141 1489 Maturianum,
1169 1414 1229 1479 Su-

172 1520 280 1594 triam,
298 1518 436 1603 Nepem,
455 1519 632 1583 castellum
650 1518 822 1593 Gallisem,
841 1518 968 1593 Ortem,
983 1518 1229 1595 Polimartium,

102 1615 105 1620 ’
172 1621 354 1698 Ameriam,
369 1623 511 1699 Tudam,
523 1622 696 1687 Perusiam
705 1645 781 1687 cum
794 1623 900 1687 tribus
910 1623 1028 1686 insulis
1043 1623 1123 1698 suis,
1134 1623 1232 1688 idest

173 1728 294 1813 majore
323 1735 357 1791 et
383 1728 520 1803 minore,
548 1727 759 1802 Priluensim,
788 1727 946 1790 Narniam
973 1734 1008 1791 et
1036 1726 1228 1791 Utriculum

173 1853 249 1895 curn
266 1830 420 1895 omnibus
437 1831 557 1895 finibus
574 1853 611 1894 ac
629 1833 805 1896 territoriis
829 1831 871 1894 ad
893 1831 1135 1915 suprascriptas
1152 1832 1230 1896 civi-

173 1942 259 1999 tates
276 1936 531 2019 pertinentibus.
577 1935 648 1999 Nec
672 1956 740 1998 non
764 1935 981 1999 exarchatum
1006 1937 1230 2002 Ravernatem

172 2040 235 2104 sub
256 2041 450 2126 integritate
475 2061 552 2103 oum
575 2039 713 2103 urbibus
737 2039 929 2103 civitatibus
953 2040 1082 2124 oppidis
1106 2050 1141 2105 et
1164 2062 1231 2105 oas-

173 2145 342 2229 tollisque
360 2146 412 2229 pie
429 2143 669 2208 recordationis
686 2142 828 2207 domnus
853 2143 1018 2227 Pippinus
1035 2153 1070 2208 et
1086 2145 1230 2210 domnus

175 2248 297 2312 Karlus
322 2248 595 2313 excellentissimi
618 2249 845 2332 imperatores
870 2247 1117 2331 predecessores
1141 2249 1231 2314 vide-

172 2352 255 2416 licet
284 2353 399 2428 nostri,
430 2352 527 2416 beato
562 2352 664 2416 Petro
694 2352 846 2435 apostolo
877 2358 912 2415 et
941 2352 1230 2436 predecessoribus

108 2509 110 2512 Α
174 2456 292 2519 vestris
308 2456 375 2539 jam
391 2455 520 2518 dudum
536 2478 595 2541 per
611 2455 800 2519 donationis
821 2456 978 2540 paginam
999 2457 1228 2533 contulerunt,

173 2559 235 2622 hoo
270 2567 320 2623 est
355 2560 527 2623 civitatem
558 2560 754 2623 Ravennam
785 2567 820 2623 et
850 2559 1033 2635 Emeliam3
1074 2561 1229 2636 Bobium,

174 2662 346 2739 Cesenam,
372 2663 623 2747 Forumpopuli,
648 2664 845 2738 Forumlivi,
874 2664 1081 2740 Faventiam,
1111 2665 1231 2727 Immo-

173 2768 250 2844 lam,
283 2769 481 2843 Bononiam,
515 2768 708 2844 Ferrariam,
746 2766 965 2831 Comiiaclunr
1004 2777 1038 2832 et
1070 2769 1230 2832 Adrianis

173 2881 274 2956 atque
300 2872 478 2937 Gabellum
503 2895 580 2937 cum
604 2873 756 2936 omnibus
781 2872 901 2936 finibus
926 2874 1102 2939 territoriis
1126 2881 1229 2956 atque

172 2978 292 3040 insulis
309 2984 396 3041 terra
413 2978 562 3060 marique
586 2976 630 3041 ad
651 2976 858 3060 supradictas
884 2977 1039 3041 civitates
1063 2978 1231 3061 pertinen-

173 3081 272 3145 tibus.
320 3080 427 3145 Simul
452 3090 486 3145 et
510 3081 732 3165 Pentapolim,
750 3081 907 3145 videlicet
929 3082 1130 3156 Ariminum,
1148 3081 1232 3145 Pen-

172 3207 318 3261 saurnm,
351 3186 516 3261 Phanum,
551 3184 786 3270 senogalliam,
819 3185 1005 3260 Anconam,
1037 3186 1228 3259 Ausimum,

174 3288 378 3366 Humanam,
403 3290 532 3365 Hesim,
555 3291 864 3374 Fornmsimpronii,
889 3289 1231 3364 Montemfeltri,U1·-

172 3392 296 3456 banum
328 3401 363 3458 et
394 3395 599 3458 territorium
640 3395 818 3470 Balnense,
854 3393 967 3467 Callis,
1005 3393 1163 3466 LucioliS,
1196 3400 1230 3455 et

174 3497 379 3582 Eugubium,
393 3520 469 3562 oum
486 3499 640 3562 omnibus
657 3499 777 3562 finibus
794 3521 831 3562 ao
848 3498 1022 3562 territoriis
1039 3497 1081 3560 ad
1098 3496 1229 3560 easdem

173 3601 338 3677 civitates,
356 3603 614 3687 pertinentibus.
660 3602 788 3667 Eodem
803 3602 902 3666 modo
919 3602 1126 3665 territorium
1143 3600 1232 3663 Sabi-

171 3727 275 3770 nense
288 3706 378 3770 siout
390 3727 409 3769 a
422 3705 543 3770 domno
561 3707 665 3770 Karlo
681 3707 879 3790 imperatore
896 3712 1103 3769 antecessore
1116 3712 1231 3768 nostro
