2768 4268
422 353 495 398 run
518 353 636 398 panon
660 353 705 399 or
728 351 951 399 cousrnnca.
1151 333 1217 396 159

197 520 238 573 17.
264 519 376 572 Damna
389 489 484 573 omnia
496 525 524 572 et
537 519 633 573 ablata
645 524 673 572 et
686 519 814 589 injurias,
827 535 896 587 quas
915 535 966 571 nos
984 534 1034 587 per
1049 535 1099 570 nos
1118 521 1147 570 et
1165 534 1217 587 per

159 611 271 659 nostros
292 606 329 659 ab
349 607 532 660 universitate
554 607 697 660 societatis
716 607 759 659 vel
785 605 821 659 ab
846 605 940 674 aliquo
962 605 997 657 de
1017 605 1149 657 societate
1170 606 1215 657 vel

160 693 372 762 coadjutoribus
385 693 527 746 societatis
540 693 734 757 sustinuimus,
748 698 776 745 et
789 710 837 761 per
850 710 902 746 nos
914 696 942 744 et
954 709 1004 761 per
1016 696 1142 744 nostram
1154 709 1215 761 par-

159 784 215 832 tem
230 781 317 850 gratis
331 781 501 833 remittimus
515 785 542 833 et
555 780 761 848 plenitudinem
775 785 886 833 nostrae
899 779 1007 849 gratiae
1019 779 1059 831 eis
1072 779 1180 832 damus.

197 868 240 920 18.
266 868 376 920 Moram
390 868 558 936 superfluam
571 867 601 920 in
614 867 728 920 civitate
737 867 782 920 rel
794 867 957 936 episcopatu
970 884 1020 935 pro
1033 867 1138 919 damno
1150 866 1215 919 civi-

160 955 227 1007 tatis
240 973 297 1007 non
311 955 456 1008 iaciemus

196 1043 240 1095 19.
267 1042 402 1096 Civitates
415 1043 524 1096 munire
537 1047 566 1096 et
579 1047 660 1097 extra
674 1043 845 1096 munitiones
857 1042 898 1095 eis
910 1042 1002 1095 facere
1015 1041 1108 1094 liceat.

194 1131 236 1182 20.
263 1131 335 1182 ltem
361 1131 532 1196 societatem,
553 1149 639 1200 quam
664 1148 738 1183 nunc
764 1129 877 1194 habent,
903 1134 997 1182 tenere
1022 1133 1058 1193 et,
1084 1129 1218 1197 quotiens

159 1217 308 1282 voluerint,
321 1236 455 1272 renovare
469 1219 508 1271 eis
522 1218 613 1276 liceat.

194 1306 236 1358 21.
263 1306 410 1359 Pactioues
429 1306 530 1360 timore
549 1310 645 1360 nostro
660 1307 705 1359 vel
723 1306 906 1375 impressione
925 1305 1090 1358 nuntiorum
1109 1308 1216 1357 nostro·

158 1409 222 1444 rum
243 1392 335 1446 iactae
355 1411 405 1463 pro
426 1394 539 1447 infectis
560 1394 726 1458 habeantur,
745 1411 795 1446 nec
815 1410 866 1462 pro
886 1392 926 1445 eis
946 1392 1054 1460 aliquid
1074 1392 1216 1460 exigatur,

158 1483 228 1548 puta
241 1480 478 1544 Placentinorum,
492 1480 599 1533 scilicet
612 1485 725 1549 pactum
740 1479 834 1549 pontis
854 1479 924 1531 Padi
937 1483 966 1530 et
978 1480 1075 1531 fiotum
1088 1479 1214 1548 ejusdem
1278 1533 1282 1539 ,

158 1566 252 1635 pontis
265 1571 294 1618 et
308 1567 444 1636 regalium
457 1572 485 1619 et
499 1567 598 1619 datum
610 1571 638 1619 et
651 1572 773 1635 pactum,
788 1566 863 1635 quod
876 1565 1021 1634 episcopus
1043 1566 1126 1634 lIugo
1145 1565 1214 1617 fecit

159 1654 193 1715 de
206 1658 297 1707 castro
310 1655 437 1722 Arquato
450 1658 478 1705 et
492 1653 516 1706 si
529 1670 585 1722 qua
598 1654 654 1706 alia
666 1653 772 1706 similia
784 1657 850 1706 sunt
864 1652 940 1705 facta
957 1653 992 1705 ab
1012 1653 1072 1722 ipso
1084 1653 1217 1721 episcopo

159 1741 202 1794 vel
215 1758 232 1794 a
244 1740 387 1793 communi
400 1741 444 1792 vel
458 1740 493 1793 ab
507 1741 570 1793 aliis
584 1741 617 1793 de
631 1740 765 1793 societate
778 1740 924 1792 nobiscum
938 1740 981 1791 vel
996 1739 1096 1791 nuntio
1109 1744 1213 1804 nostru,

159 1828 220 1898 ipso
239 1832 323 1897 ponte
343 1833 506 1881 remanente
526 1845 590 1880 cum
609 1826 741 1880 omnibus
760 1827 817 1879 suis
837 1827 1009 1880 utilitatibus
1027 1826 1213 1879 Placentinis:

160 1916 201 1970 ita
213 1920 316 1980 tamen,
328 1915 403 1984 quod
417 1920 567 1968 teneantur
577 1933 685 1984 semper
696 1916 801 1968 solvere
812 1916 909 1966 fictum
922 1914 1081 1967 abbatissae
1096 1914 1214 1967 Sanctae

159 2003 253 2057 duliae
267 2004 301 2056 de
315 2003 421 2056 Brixia.
461 2003 498 2055 Et
511 2003 535 2055 si
548 2020 619 2071 quae
633 2002 704 2055 aliae
717 2007 783 2054 sunt
796 2002 909 2054 similes

195 2092 237 2143 22.
265 2090 428 2143 Sententiae
442 2107 559 2158 quoque,
574 2107 644 2158 quae
660 2090 694 2142 de
712 2091 774 2159 jure
793 2093 821 2141 et
840 2089 994 2141 secmrdum
1013 2089 1087 2158 leges
1105 2092 1134 2141 et
1152 2106 1215 2141 con-

161 2178 323 2230 suetudines
337 2181 436 2230 contra
449 2177 571 2245 aliquem
585 2178 628 2229 vel
642 2177 749 2246 aliquos
762 2177 796 2229 de
809 2176 941 2229 societate
961 2177 1034 2229 latae
1053 2180 1126 2240 sunt,
1140 2181 1215 2228 tene-

161 2269 218 2329 ant,
241 2265 266 2318 si
288 2269 383 2318 tamen
406 2265 440 2317 de
465 2266 526 2334 jure
549 2269 647 2318 contra
668 2282 714 2318 eos
739 2267 874 2328 tenerent,
897 2263 922 2316 si
946 2263 1067 2333 gratiam
1088 2267 1215 2316 nostram

161 2352 334 2405 habuissent.

197 2440 238 2491 23.
265 2440 344 2503 Quae
357 2458 422 2493 vero
436 2446 535 2493 contra
547 2441 669 2510 aliquem
683 2441 726 2493 vel
739 2440 848 2509 aliquos
861 2440 896 2492 de
909 2439 1041 2492 societate
1055 2439 1129 2492 latae
1148 2442 1215 2491 sunt

161 2526 305 2580 occasione
319 2545 436 2596 guerrae
449 2528 493 2580 vel
507 2528 662 2581 discordiae
675 2527 817 2590 eeclesiae,
832 2527 860 2579 in
875 2527 987 2579 irritum
999 2526 1183 2578 deducantur.

196 2614 240 2666 24.
267 2614 465 2678 Possessiones,
480 2632 549 2683 quas
562 2616 679 2684 quisque
693 2615 727 2667 de
740 2615 872 2669 societate
886 2619 950 2666 aute
969 2619 1079 2682 tempus
1098 2630 1215 2683 guerrae

160 2702 234 2772 juste
248 2700 370 2765 tenebat,
384 2701 408 2753 si
421 2718 470 2770 per
483 2702 541 2753 vim
554 2702 665 2754 ablatae
678 2706 745 2754 sunt
758 2702 793 2754 ab
807 2702 858 2766 his,
872 2702 920 2770 qui
933 2719 989 2754 non
1004 2705 1069 2753 suut
1082 2701 1116 2753 de
1132 2701 1216 2754 socie-

160 2793 228 2850 tate,
244 2788 303 2840 siue
317 2788 458 2842 fructibus
474 2793 502 2841 et
515 2789 619 2842 damno
638 2789 840 2851 restituantur3
859 2789 903 2841 vel
921 2788 945 2841 si
964 2806 1010 2841 eas
1029 2789 1213 2857 recuperavit,

161 2876 254 2944 quiete
267 2876 416 2944 possideat,
431 2876 487 2928 nisi
499 2894 548 2945 per
560 2877 662 2929 electos
675 2876 796 2929 arbitros
814 2876 849 2928 ad
868 2876 1058 2946 cognitionem
1077 2876 1214 2945 regalium

161 2962 243 3015 uobis
257 2963 445 3031 assignentur.

196 3051 239 3103 25.
265 3050 396 3119 Opizioui
410 3050 566 3103 marchioni
580 3068 691 3104 omnem
705 3050 850 3115 offensam,
864 3069 949 3120 quam
968 3051 1049 3104 nobis
1067 3052 1110 3103 vel
1130 3052 1214 3105 alicui

161 3143 272 3191 nostrae
292 3138 380 3206 partis
399 3138 476 3200 fecit,
492 3143 640 3207 postquam
660 3138 688 3190 in
708 3139 841 3190 societate
860 3139 924 3200 fuit,
938 3156 1026 3207 perse
1040 3140 1083 3191 vel
1102 3157 1150 3208 per
1168 3140 1216 3192 ali-

161 3241 244 3293 quam
259 3243 407 3295 personam
421 3243 485 3278 cum
499 3226 630 3278 societate
644 3226 688 3277 vel
701 3225 878 3278 defendendo
892 3227 1013 3294 aliquem
1026 3227 1059 3278 de
1073 3228 1213 3287 societate,

162 3311 302 3381 imperiali
315 3313 465 3365 clementia
478 3331 526 3382 per
539 3331 590 3365 nos
603 3318 631 3365 et
644 3318 767 3365 nostram
788 3318 895 3381 partem
914 3313 939 3364 ei
959 3314 1116 3367 remisimus
1135 3321 1163 3368 et
1184 3316 1212 3369 in

161 3399 366 3468 plenitudinem
380 3406 492 3453 nostrae
505 3400 612 3469 gratiae
625 3418 688 3453 eum
703 3401 859 3469 recipimus.
898 3401 956 3453 Nec
970 3419 1018 3470 per
1036 3420 1086 3454 nos
1100 3421 1150 3455 uec
1168 3421 1219 3471 per

162 3486 357 3556 interpositam
378 3505 524 3556 personam
544 3505 594 3556 pro
613 3488 771 3557 praeteritis
791 3489 904 3541 offensis
923 3489 977 3541 sibi
996 3489 1040 3541 vel
1062 3490 1135 3559 parti
1154 3492 1215 3559 ejus

163 3574 288 3643 aliquam
301 3574 454 3627 inferemus
468 3575 610 3644 iujuriam,
625 3576 775 3628 laesionem
790 3577 833 3628 vel
847 3576 1029 3628 coactionem.

198 3663 240 3714 26.
267 3661 397 3729 Amplius
421 3680 482 3713 eam
508 3662 741 3730 jurisdictionem,
765 3681 849 3731 quam
876 3663 1063 3716 Mediolanses
1088 3681 1216 3716 exercere

162 3753 367 3802 consueverunt
381 3748 411 3799 in
424 3749 606 3802 comitatibus
621 3749 709 3818 Seprii
726 3754 754 3803 et
771 3750 955 3803 Martexanae
974 3755 1002 3802 et
1021 3751 1174 3820 Ilurgariae
1188 3755 1220 3803 et
