2768 4268
163 300 225 362 140
383 317 515 364 sessor
538 318 745 364 000000Αο
767 296 1013 366 00000000οζ

162 485 472 570 pronunciaverunt
487 485 550 548 sub
564 485 625 549 hac
649 485 766 550 forma.
815 486 879 550 “Si
902 486 1057 552 dominus
1081 490 1220 573 impera·

163 604 216 653 tor
232 597 333 673 prout
348 590 537 674 injunctum
556 598 607 654 est
630 592 669 666 ci,
685 613 745 675 per
765 591 974 676 fidejussores
997 614 1065 656 non
1089 595 1221 658 caverit

163 692 249 757 bona
265 692 348 768 fide;
372 695 400 756 si
416 695 505 757 viam
520 695 611 778 pacis
627 717 692 778 que
709 695 902 760 invenietur
925 718 984 781 per
1007 718 1218 761 communem

164 806 372 862 contractum
388 799 443 862 vel
466 821 524 884 per
547 799 730 875 arbitrium,
746 807 847 883 prout
870 801 905 862 in
928 799 1036 865 forma
1060 804 1220 885 composi-

163 904 263 967 tionis
287 904 488 979 continetur,
511 925 580 966 non
603 902 847 979 observaverit3
878 906 906 968 si
929 912 1053 969 terram
1079 907 1218 970 ecclesie

164 1009 217 1072 vel
240 1016 345 1072 terras
369 1030 483 1072 corum
502 1030 585 1092 quos
604 1008 745 1072 ccclesia
767 1015 862 1072 tenet
876 1009 919 1072 ad
935 1031 1053 1074 manus
1069 1011 1216 1074 suas·vel

163 1134 319 1196 personas
343 1134 459 1176 corum
482 1113 616 1196 ceperit,
642 1113 814 1196 occuparit
835 1134 895 1176 seu
919 1113 1121 1187 devastarit3
1145 1115 1220 1198 ipso

163 1216 252 1280 facto
271 1218 472 1280 sententiam
496 1217 860 1293 excommunicationis,
878 1219 1027 1282 incurrat
1050 1240 1159 1302 quam¹
1175 1241 1217 1282 ex

164 1343 253 1384 nunc
270 1322 304 1383 in
322 1322 432 1405 ipsum
447 1320 586 1384 ierimus
602 1321 802 1385 auctoritate
819 1321 947 1384 domini
963 1344 1058 1407 pape.

208 1426 295 1488 Acta
308 1432 388 1488 sunt
398 1425 458 1488 hec
469 1424 558 1509 apud
571 1423 727 1488 Sanctam
740 1425 761 1488 J
763 1433 873 1489 ustam
885 1426 982 1510 juxta
996 1425 1218 1510 Ceperanum,

164 1550 252 1593 anno
269 1529 405 1592 Domini
422 1528 516 1604 1230,
533 1529 568 1591 in
584 1528 671 1592 festo
687 1530 795 1593 saneti
812 1531 1009 1615 Augustini.
1060 1593 1064 1599 ,

670 1722 714 1784 X.

209 1843 487 1908 Fridericusilei
510 1843 617 1928 gratia
641 1842 868 1906 Romanorum
891 1845 1071 1928 imperator
1089 1866 1220 1929 semper

165 1955 328 2033 augustus
346 1948 533 2011 Jerusalem
550 1958 585 2011 et
601 1945 711 2010 Sicilie
727 1970 786 2010 rex
806 1996 812 2009 .
831 1997 837 2010 .
856 1949 1003 2011 ,illustri
1022 1951 1094 2034 regi
1116 1947 1220 2012 karis-

165 2052 248 2116 simo
265 2052 369 2114 amico
386 2072 455 2126 su0,
473 2051 615 2114 salutem
638 2059 673 2114 66
695 2052 822 2115 sincere
840 2051 1030 2116 dilectionis
1047 2052 1218 2116 affectum.

167 2156 253 2219 Cum
269 2155 464 2238 frequenter
480 2162 514 2219 et
530 2154 657 2218 dudum
675 2177 731 2218 cor
745 2164 896 2219 vestrum
919 2155 1024 2221 fuerit
1046 2157 1222 2221 conturba-

166 2268 239 2323 tum
255 2282 355 2343 super
369 2259 433 2323 hiis
451 2268 591 2343 quetum
612 2282 671 2342 per
687 2261 886 2343 apostolicas
909 2262 1039 2325 litteras
1062 2269 1138 2325 tum
1160 2283 1222 2345 per

166 2374 295 2427 nostras
321 2363 361 2426 de
388 2363 576 2426 turbatione
602 2365 771 2427 communi
795 2364 922 2448 ubique
943 2372 1109 2428 terrarum
1134 2367 1222 2430 exie-

166 2476 251 2544 rant,
269 2490 476 2551 consequens
500 2475 551 2531 cst
570 2474 604 2530 et
623 2467 773 2552 dignum,
791 2475 831 2530 ut
845 2491 904 2532 vos
927 2469 1104 2532 reformate
1128 2471 1221 2553 pacis

166 2595 253 2636 nova
279 2572 443 2635 1061110606
468 2580 502 2634 66
525 2574 632 2634 omnis
658 2593 722 2655 que
748 2574 860 2656 potuit
884 2573 1045 2638 inhesisse
1072 2574 1223 2638 turbatio

166 2679 324 2761 sopiatur.
372 2676 543 2739 Noveritis
566 2677 680 2761 igitur,
699 2676 791 2760 quod
813 2699 872 2760 per
887 2678 979 2740 illius
998 2679 1142 2764 gratiam
1161 2677 1222 2762 qui

167 2783 347 2867 procellam
364 2782 529 2845 convertit
545 2782 579 2842 in
596 2802 720 2856 auram,
738 2788 771 2844 et
787 2780 1021 2845 dissidentium
1038 2790 1166 2846 mentes
1185 2783 1222 2844 in

167 2911 269 2951 unam
287 2888 443 2951 conciliat
460 2888 678 2961 voluntatem,
695 2885 786 2948 facto
800 2886 933 2969 publice
954 2908 991 2949 ac
1016 2886 1222 2962 solemniter,

167 2995 255 3057 sicut
272 3015 290 3055 a
308 2993 472 3056 catholico
489 2992 638 3075 principe
652 2991 723 3053 fieri
740 2989 864 3064 debuit,
879 2990 969 3073 quod
985 2990 1093 3052 forma
1109 2990 1225 3053 Eccle-

168 3100 213 3161 sie
231 3098 430 3181 requirebat,
450 3098 611 3181 vigesimo
629 3102 747 3158 octavo
765 3096 916 3178 preteriti
940 3096 1061 3158 mensis
1085 3095 1221 3181 augusti

169 3227 228 3287 per
245 3205 441 3268 venerabilis
463 3204 550 3266 uiros
574 3201 754 3286 apostolice
777 3199 864 3263 sedis
887 3200 1016 3284 legatos
1034 3199 1220 3262 Johannem

170 3309 383 3373 Sabinensern
415 3309 608 3392 episcopum
640 3314 675 3370 66
705 3306 903 3390 magistrum
934 3305 1098 3367 Thomam
1129 3303 1223 3367 tituli

170 3412 290 3477 Sancto
339 3414 456 3477 Sabine
503 3412 734 3497 presbyterum
780 3409 973 3484 cardinales
1013 3408 1225 3492 presentibus

169 3518 374 3602 principibus
406 3525 440 3582 66
472 3519 678 3581 diversarum
709 3516 861 3601 gentium
896 3513 1114 3578 multitudine
1154 3512 1224 3575 infi-

169 3622 250 3695 nita,
268 3644 345 3684 cum
360 3623 507 3707 generali
532 3623 636 3686 totius
661 3620 915 3684 christianitatis
932 3619 1080 3703 tripudio
1096 3617 1225 3681 fuimus

170 3724 323 3788 absolut'.
370 3725 510 3803 Deinde,
534 3733 574 3789 ut
600 3733 675 3810 post
701 3724 945 3788 absolutionem
969 3745 1011 3788 ex
1035 3723 1127 3787 omni
1154 3744 1227 3806 pre-
