2768 4268
413 341 488 387 ren
510 341 811 389 nonnusraurnu
836 343 978 389 panion.
1155 326 1218 390 121

168 509 270 572 Terre
287 508 406 573 Sancte
422 531 457 573 se
474 510 615 573 viriliter
630 517 666 574 et
681 519 836 595 potenter
850 512 1036 598 accingant.
1079 511 1125 575 Et
1140 512 1221 577 licet

168 613 266 676 multi
282 613 458 698 principes
474 613 614 677 barones
631 622 665 678 et
681 615 804 678 milites
822 623 901 678 vota
916 623 1030 679 nostra
1048 615 1222 680 humiliter

168 725 417 802 prosequentes,
434 718 587 804 insigniti
602 719 671 782 sint
686 719 852 804 signiculo
864 727 977 784 sancte
991 721 1109 795 crucis,
1122 721 1220 803 pauci

168 830 278 885 tamen
295 830 375 885 sunt
387 823 422 884 in
433 822 574 884 articulo
586 823 796 886 necessitatis
809 823 976 888 instantis.
1022 823 1084 888 Eia
1097 825 1220 888 milites

167 926 281 991 fideles
297 926 438 1010 imperii,
455 927 591 1009 arripite
608 927 770 991 velociter
785 949 875 990 arma
890 928 1071 992 christiane
1089 929 1219 1006 militie,

168 1032 247 1114 quia
279 1031 345 1115 jam
382 1030 524 1094 Romani
560 1031 689 1114 imperii
720 1032 874 1095 victrices
909 1033 1021 1116 aquile
1055 1032 1219 1117 prodiere.

168 1135 322 1218 Duplicis
346 1134 482 1219 quidem
505 1135 734 1198 retributionis
758 1135 916 1199 donativa
940 1137 1139 1220 percipiunt,
1160 1138 1219 1220 qui

167 1239 359 1303 celsitudini
375 1248 487 1302 nostre
504 1239 538 1301 in
554 1240 723 1323 proposito
738 1239 839 1323 hujus
851 1249 965 1304 sancte
979 1241 1219 1327 peregrationis

167 1344 346 1418 assistunt3
371 1344 450 1427 quia
466 1351 577 1426 preter
591 1343 797 1426 imperialem
819 1345 962 1429 gratiam
986 1344 1221 1428 adipiscuntur

167 1448 359 1512 felicitatem
389 1456 549 1511 eternam.
597 1445 763 1524 Quocirca
790 1448 1003 1511 universitati
1026 1457 1136 1512 vestre
1159 1470 1220 1532 per

167 1553 351 1635 imperialia
378 1551 503 1634 scripta
529 1550 736 1626 mandamus,
765 1551 974 1615 obsecramus
1001 1552 1036 1614 in
1063 1551 1219 1630 Domin0,

167 1677 332 1741 rogamus,
360 1662 395 1718 et
420 1654 593 1717 hortamur
618 1656 709 1717 omni
740 1653 917 1719 affectione
946 1677 1013 1740 qua
1042 1677 1220 1740 possumus

167 1766 355 1833 exorantes,
386 1759 545 1842 quatinus
576 1759 707 1822 accensi
738 1759 809 1822 zelo
839 1757 940 1834 illius,
972 1761 1068 1844 cujus
1098 1782 1220 1843 sponsa

168 1864 306 1927 ecclesia
328 1869 435 1926 mater
458 1870 569 1926 vestra
592 1863 627 1925 in
651 1884 690 1927 ea
712 1870 801 1927 terra
828 1865 961 1948 captiva
987 1864 1221 1928 miserabiliter

168 1968 351 2042 detinetur,
368 1967 552 2030 recolentes
569 1968 670 2030 etiam
687 1968 832 2052 qualiter
847 1989 866 2030 a
882 1967 999 2032 diebus
1017 1969 1164 2052 antiquis
1184 1976 1219 2033 et

166 2070 437 2158 generationibus
453 2071 643 2134 seculorum
658 2071 872 2155 imperatores
889 2071 1031 2135 Romani
1054 2072 1218 2136 mundum

167 2177 361 2240 universum
376 2197 436 2239 sue
458 2174 669 2239 subdiderint
692 2175 811 2239 ditioni
833 2177 961 2239 auxilio
983 2198 1120 2239 suorum
1142 2176 1221 2240 fide·

166 2282 249 2344 lium
266 2281 325 2364 qui
341 2301 418 2343 cuni
434 2279 480 2343 eis
497 2301 603 2363 usque
619 2279 662 2343 ad
678 2278 877 2344 effusionem
899 2281 1073 2366 sanguinis
1096 2281 1220 2344 labora·

166 2394 255 2462 runt,
272 2406 339 2447 non
356 2384 529 2470 patiamini
546 2384 580 2445 in
597 2391 711 2447 nostro
723 2385 778 2467 pio
790 2386 960 2469 proposito
973 2407 1033 2448 nos
1045 2383 1219 2462 confundi,

167 2492 267 2553 immo
282 2490 370 2552 sicut
386 2509 535 2571 unquam
552 2487 664 2551 Deum
683 2488 824 2573 diligitis
848 2496 883 2552 et
905 2489 1048 2575 gratiam
1070 2496 1219 2552 nostram

167 2616 276 2657 caram
291 2592 430 2665 habetis,
446 2592 489 2654 ad
504 2613 701 2655 succursum
718 2592 819 2657 Terre
837 2591 958 2656 Sancte
974 2615 1033 2656 vos
1049 2593 1119 2656 sine
1140 2592 1219 2656 dila-

167 2699 257 2760 tione
274 2718 333 2780 pro
357 2697 502 2779 presenti
525 2697 679 2781 passagio
702 2697 844 2760 viriliter
867 2697 1059 2782 accingatis,
1076 2697 1219 2761 scientes

168 2800 259 2884 quod
285 2800 389 2863 nichil
418 2821 577 2883 nmquam
604 2800 718 2883 aliquo
742 2808 890 2883 tempore
914 2801 1055 2885 possetis
1078 2800 1218 2877 efficere,

167 2927 226 2989 per
249 2903 340 2988 quod
362 2904 475 2966 taliter
498 2902 651 2966 omnibus
675 2903 768 2966 vobis
791 2912 827 2968 et
849 2905 990 2990 singulis
1014 2904 1219 2988 imperialem

167 3008 349 3073 redderetis
366 3006 602 3071 celsitudinem
618 3007 809 3091 obligatam,
826 3010 970 3072 maxime
990 3030 1068 3072 cum
1091 3009 1218 3072 inimici

167 3113 276 3176 crucis
304 3110 429 3174 Christi
454 3118 489 3174 et
511 3110 622 3174 hostes
645 3112 789 3174 nominis
814 3111 986 3175 christiani
1013 3133 1070 3196 pre
1098 3113 1219 3176 timore

168 3217 269 3301 Regis
284 3216 418 3299 superni
439 3222 475 3278 et
497 3214 721 3278 membrorum
743 3236 880 3278 suorum
903 3216 970 3299 jam
993 3216 1089 3300 quasi
1111 3223 1219 3279 totam

167 3343 267 3406 quam
295 3321 466 3404 querimus
497 3319 703 3402 relinqueret
729 3319 867 3382 Terram
898 3319 1065 3383 Sanctam
1111 3318 1220 3403 Super

166 3427 228 3490 hoc
256 3433 368 3489 autem
391 3424 489 3508 plene
513 3423 656 3487 credatis
680 3431 715 3487 et
737 3423 916 3487 efficaciter
936 3424 1115 3508 impleatis,
1140 3446 1220 3508 que-

166 3552 310 3615 cumque
340 3528 432 3592 vobis
459 3550 500 3591 ex
528 3536 620 3611 parte
652 3537 766 3591 nostra
796 3526 990 3591 karissimus
1020 3529 1056 3591 in
1083 3527 1219 3591 Christo

166 3644 260 3720 pater
284 3633 477 3718 Hugolinus
504 3631 694 3695 Hostiensis
725 3639 760 3695 et
787 3630 1010 3696 Velletrensis
1041 3633 1218 3716 episcopus

166 3739 345 3824 apostolice
361 3736 449 3801 sedis
470 3736 603 3821 legatus
622 3734 759 3799 duxerit
782 3735 1007 3820 proponenda,
1024 3758 1125 3821 quern
1148 3758 1219 3819 spe·
