2768 4268
291 324 427 372 PERIOD
450 323 497 371 OF
518 324 595 378 'THE
618 322 741 371 sAon
764 323 967 371 EMPERORS.
1117 308 1158 370 29
1205 365 1208 367 .

145 494 247 558 Anno
261 493 426 557 dominice
439 492 679 556 incarnationis
696 489 956 555 DCCCCLXII
972 490 1156 556 indictione

100 598 143 662 V.
172 618 284 662 mense
311 595 388 671 feb.
418 595 508 659 XIII
540 594 593 659 die
621 594 771 679 ejusdem
801 596 934 671 mensis,
962 616 1050 659 anno
1077 618 1157 660 vero
1195 600 1197 603 ’

100 703 215 767 domni
239 700 376 766 Ottonis
392 700 522 784 imperii
544 699 757 764 invictissimi
774 699 983 783 imperatoris
1000 699 1158 763 XXVII⁰

100 805 190 870 facta
206 826 240 870 es
256 805 317 869 hec
334 805 444 889 pactio
460 803 613 868 feliciter.

557 1001 694 1027 ...σοο-

331 1151 513 1215 emerici
537 1151 581 1214 or
606 1152 701 1214 roni
724 1127 808 1214 xnr.
837 1152 930 1218 (occ).

306 1298 485 1360 [continuator
496 1299 647 1358 Reginonis;
664 1299 699 1345 M.
712 1299 742 1346 G.
754 1300 796 1355 H.,
810 1299 853 1346 SS.
866 1300 886 1345 Ι.
898 1296 962 1358 621]

144 1440 272 1505 Eodem
296 1441 398 1505 etiam
424 1460 512 1503 anno
540 1438 683 1502 domnus
712 1437 780 1502 Leo
806 1459 892 1522 papa
919 1437 1011 1501 obiit.
1058 1437 1155 1503 Tunc

100 1545 203 1630 legati
236 1531 470 1617 Romanorum,
503 1543 575 1605 Azo
607 1542 765 1606 videlicet
802 1542 1090 1625 protoscrinarius
1122 1549 1156 1605 et

101 1648 264 1711 Marinus.
317 1646 500 1711 Sutriensis
527 1646 685 1710 ccclesiae
714 1646 898 1729 episcopus,
922 1646 1154 1730 imperatorem

101 1773 159 1835 pro
176 1750 385 1814 instituendo
401 1771 502 1834 quem
518 1750 623 1814 vellet
645 1749 794 1813 Romano
817 1749 974 1833 pontifice
999 1750 1033 1811 in
1058 1748 1157 1812 Saxo-

102 1856 157 1918 nia
188 1853 360 1934 adeuntes
392 1853 573 1918 honorifice
604 1854 836 1938 suscipiuntur
863 1861 898 1917 et
924 1854 1155 1918 remittuntur.

102 1958 149 2023 Et
165 1957 322 2045 Otgerus‚
340 1956 503 2042 Spirensis
527 1958 711 2043 episcopus,
732 1965 767 2022 et
790 1957 904 2033 Liuzo‚
923 1956 1156 2022 Cremonensis

101 2064 286 2148 episcopus,
305 2084 382 2127 cuni
407 2061 533 2126 eisdem
559 2063 699 2126 Romam
724 2061 765 2126 ab
788 2062 986 2146 imperatore
1011 2062 1157 2148 dirigun-

103 2174 168 2231 tur.
216 2166 312 2230 Tunc
343 2166 385 2231 ab
414 2167 504 2230 omni
529 2165 625 2250 plebe
652 2167 801 2230 Romana
827 2165 1007 2242 Iohannes,
1039 2165 1158 2230 Narni-

101 2272 189 2336 ensis
216 2271 374 2335 ecclcsiae
402 2271 586 2355 episcopus,
614 2271 762 2357 eligitur,
790 2278 825 2335 et
854 2270 926 2334 sedi
956 2271 1155 2355 apostolicae

101 2375 255 2460 pontifex
281 2375 513 2440 intronizatur.

560 2551 697 2577 —-000—

146 2695 243 2759 POUR
265 2695 428 2758 Deouana
452 2696 496 2758 OF
519 2695 593 2757 THE
617 2695 736 2757 sinon
759 2696 809 2757 Ar
834 2695 1112 2758 SELIGENSTADT

574 2797 685 2861 (1024).

294 2939 538 3000 [HIrsclr-Bresslau;
556 2940 678 2987 HeiurIclr
690 2941 732 2995 11.,
744 2941 790 2997 iii„
803 2941 895 2987 Excur.
909 2940 965 3000 IX]

286 3082 385 3146 XVI.
416 3082 466 3145 De
483 3083 552 3145 illia
568 3083 625 3168 qai
640 3081 778 3146 Romam
794 3084 876 3146 itari
892 3094 977 3146 sarit.

147 3219 308 3285 Decrevit
330 3227 446 3284 sancta
468 3220 628 3304 synodus,
652 3227 692 3283 ut
715 3220 829 3284 nullus
854 3221 993 3284 Romam
1014 3227 1069 3284 eat
1093 3222 1155 3283 nisi

103 3346 179 3389 cum
197 3325 333 3388 licentia
349 3325 495 3409 episcopi
511 3325 563 3388 sui
580 3325 635 3388 vel
651 3325 722 3409 ejus
739 3325 862 3388 vicarii.

235 3495 351 3558 XVII.
390 3495 432 3558 Ut
448 3497 561 3559 carina
577 3518 641 3559 non*
658 3496 829 3558 dividatur
840 3496 1029 3581 poenitenti.

148 3632 240 3696 Illud
255 3633 317 3697 sub
333 3633 543 3698 anathemate
560 3633 731 3698 decretum
749 3641 810 3708 est,
827 3643 866 3698 ut
889 3634 1004 3697 nullus
1028 3634 1159 3720 presby·

104 3744 253 3801 terorum
266 3738 424 3822 cuiquam
436 3739 623 3822 poenitenti
636 3739 782 3802 carinam
795 3737 943 3802 dividere
956 3746 1157 3822 praesumat,

104 3841 167 3904 nisi
186 3841 361 3906 infirmitas
378 3842 565 3907 intercidat.
