2768 4268
435 343 509 388 ran
532 341 832 390 noflnnsrnurnrv
855 344 1003 392 rnaroo.
1186 325 1249 391 117

194 510 328 574 fodrum
339 511 381 574 ab
392 511 471 574 illis.
518 509 701 594 Adjutores
714 512 817 575 etiam
829 513 952 576 erimus
965 511 1008 576 ad
1020 511 1248 576 rettinendum

194 622 227 678 et
244 614 494 678 defendendum
512 615 681 679 Romanae
698 617 876 680 aecclesiae
894 638 1034 702 regnum
1051 615 1195 701 Syciliae
1211 637 1249 679 ac

194 727 304 783 cetera
319 719 393 803 jura
417 740 502 802 quae
526 718 569 781 ad
592 720 697 803 ipsam
720 721 886 804 pertinere
911 720 1144 796 dinoscuntur,
1169 727 1250 783 tam·

195 845 296 907 quarn
312 822 454 885 devotus
471 822 570 899 lilius,
587 832 622 887 61
645 823 829 887 catholicus
852 825 1017 909 princeps.
1064 823 1114 888 Ut
1136 832 1249 888 autem

195 927 275 990 haec
307 927 418 989 omnia
445 927 538 991 vobis
569 936 752 991 memorato
779 929 989 993 sanctissimo
1016 929 1104 1013 patri
1135 936 1249 992 nostro
1315 969 1317 972 .

195 1030 329 1093 domino
362 1030 570 1108 Innocentio,
602 1041 832 1097 sacrosanctae
864 1033 1034 1097 Romanae
1070 1033 1248 1096 aecclesiae

194 1156 323 1197 summo
353 1135 515 1219 pontifici,
544 1138 732 1220 vestrisque
763 1137 1008 1200 successoribus
1039 1159 1099 1222 per
1125 1158 1184 1199 nos
1215 1145 1250 1200 61

194 1248 323 1303 nostros
353 1262 561 1304 successores
592 1242 818 1304 Romanorum
849 1263 943 1326 reges
974 1248 1009 1304 61
1034 1242 1248 1324 imperatores

194 1343 421 1421 observentur,
449 1344 609 1428 firmaque
637 1352 672 1408 61
698 1345 896 1407 inconvulsa
926 1367 1057 1428 semper
1082 1366 1250 1428 permane·

194 1455 261 1523 ant,
279 1470 414 1532 presens
431 1449 645 1534 privilegium
661 1450 889 1532 conscriptum
909 1450 1094 1533 majestatis
1118 1457 1248 1512 nostrae

194 1572 294 1616 aurea
309 1553 402 1616 bulla
417 1554 574 1637 jussimus
590 1553 799 1616 communiri.
839 1553 958 1616 Testes
971 1561 1085 1616 autem
1096 1552 1144 1615 hii
1157 1560 1248 1616 sunt.

195 1655 381 1740 Sigefridus
408 1656 629 1743 Magurrtinae
657 1656 744 1721 sedis
775 1658 1018 1741 arciepiscopus
1046 1657 1248 1740 apostolicae

194 1758 281 1822 seclis
297 1760 439 1845 legatus.
485 1759 698 1823 Eberlrardus
715 1759 968 1846 Salzburgensis
992 1761 1248 1844 arciepiscopus,

196 1862 365 1927 Berardus
392 1863 548 1928 Barensis
572 1865 826 1948 arciepiscopus,
851 1863 1074 1928 Chuonradus
1099 1865 1250 1949 Ratispo-

195 1968 306 2030 nensis
323 1968 508 2051 episcopus,
523 1967 607 2032 Otto
620 1968 926 2054 Wirainburgensis
939 1969 1123 2054 episcopus,
1138 1968 1250 2032 Mane-

195 2071 317 2157 goldus
351 2071 578 2135 Pactaviensis
609 2073 794 2156 episcopus,
826 2071 1062 2157 Engelhardus
1103 2071 1249 2136 Zizensis

195 2178 380 2261 episcopus.
443 2176 603 2241 Odacrias
637 2177 840 2240 Boemorum
870 2199 939 2252 rex,
971 2176 1147 2241 Lodwicus
1178 2177 1248 2240 (lux

196 2281 378 2358 Bawariae,
395 2280 582 2365 Liupoldus
598 2280 668 2344 dux
693 2280 851 2345 Austriae
876 2289 910 2345 61
934 2280 1251 2367 Scyriae,Her1nan-

194 2407 258 2449 nus
282 2386 494 2471 lantgravius
520 2386 739 2471 Thuringiae,
764 2408 873 2449 comes
898 2384 1060 2449 Alberlus
1085 2385 1125 2449 de
1150 2384 1251 2449 Eber-

194 2491 291 2565 stein,
307 2511 416 2553 comes
433 2489 581 2553 Adolfus
605 2489 646 2554 (16
670 2489 883 2566 Sovvenburc,
900 2511 1009 2553 comes
1033 2487 1249 2552 Burchardns

195 2593 235 2657 de
253 2592 484 2669 llannesvcld,
500 2616 609 2657 comes
627 2593 819 2658 Gerlrardus
842 2594 882 2658 (16
907 2593 1013 2668 Dicis,
1030 2615 1139 2657 comes
1163 2591 1250 2655 Lud-

195 2698 299 2759 wicus
316 2697 357 2761 de
374 2697 633 2774 Wirlenrberch,
652 2697 869 2761 Gebehardus
885 2697 1081 2761 burcravius
1102 2696 1252 2782 Meigde·

194 2800 381 2886 burgensis,
409 2799 589 2864 Hainricus
622 2800 662 2865 (16
694 2800 952 2876 Stahlrelburch,
980 2799 1177 2863 Waltherus
1208 2799 1248 2864 dc

197 2903 446 2989 langenberch,
462 2904 642 2968 Hainricus
655 2905 696 2968 dc
708 2904 948 2977 Clralandrino,
959 2904 1180 2966 marescalcus
1193 2905 1251 2966 im-

195 3008 289 3091 perii,
306 3007 503 3072 Walllrerus
519 3008 559 3073 (16
585 3008 679 3094 sypf,
696 3009 854 3092 pincerna
877 3008 1016 3092 imperii,
1035 3006 1249 3070 Gwaltherus

197 3111 353 3188 (16611116,
366 3112 612 3176 comestabulus
625 3113 722 3197 regni
735 3111 877 3197 Sycilie3
894 3111 997 3175 etalii
1012 3132 1112 3193 quam
1125 3111 1250 3193 plures.

240 3214 382 3300 Signum
403 3215 529 3278 domini
554 3216 724 3280 Frederici
747 3215 887 3279 secundi
911 3215 1138 3278 Romanorum
1162 3215 1250 3299 regis

240 3424 314 3511 Ego
332 3423 554 3488 Chuonradus
571 3424 635 3488 Dei
658 3431 692 3488 61
714 3423 916 3507 apostolicae
939 3422 1028 3486 sedis
1052 3423 1159 3508 gratia
1183 3421 1251 3486 Me·
1298 3499 1300 3504 Ι

196 3530 298 3593 166616
315 3530 501 3613 episcopus
518 3530 591 3592 vice
613 3527 741 3591 domini
765 3525 935 3612 Sigefridi,
954 3526 1147 3612 Maguntini
1171 3526 1252 3588 arci-

196 3634 341 3717 episcopi
358 3641 393 3696 61
408 3633 609 3717 apostolicae
625 3631 713 3695 sedis
729 3631 843 3717 legali,
860 3652 898 3694 ac
921 3631 1025 3693 totius
1050 3628 1249 3692 Germaniae

196 3736 466 3810 arcicancellarii,
484 3736 674 3821 recognovi.
