2768 4268
418 326 493 372 run
515 325 635 371 aanor:
657 293 703 372 or
726 324 947 372 oonsrsrron.
1146 308 1208 372 163

193 494 235 546 De
247 492 375 546 Mutina:
395 492 511 545 Arlotus
524 491 621 560 judex,
636 490 793 560 Raynerius
807 490 841 544 de
854 489 1061 544 Buccabadata.

193 581 235 634 De
249 580 355 649 Regio:
376 579 510 632 Albertus
523 576 696 642 Cambiator,
711 577 856 630 Rolandus
869 578 904 630 de
918 577 1050 632 Caritate.

193 668 235 720 De
256 668 371 720 Parma:
391 663 515 719 Jacobus
537 665 614 718 Petri
634 665 735 729 Bavae,
756 664 955 719 tlaladobatus
974 666 1070 736 judex,
1091 665 1211 719 Vetulus

155 755 253 825 judex,
268 753 414 807 Conradus
427 752 554 805 Bulzoni.

195 842 236 893 De
256 841 367 893 Laude:
399 839 545 892 vicentius
565 839 600 893 de
619 839 776 910 Fassiraga‚
799 840 950 894 Anselmus
969 840 1004 894 de
1025 841 1211 910 Summaripa‚

159 928 338 981 Manifredus
352 928 386 980 de
399 927 538 981 soltarioo.

194 1016 236 1068 De
250 1015 277 1067 N
280 1014 390 1068 orario:
410 1014 499 1084 Opizo
518 1014 552 1068 de
571 1013 687 1079 Briona,
703 1014 854 1069 Thedisius
873 1014 1057 1077 Caballatius‚
1072 1014 1157 1069 Wido
1176 1016 1211 1069 de

159 1103 349 1172 Boniprando.

195 1191 237 1243 De
250 1189 399 1244 Vercellis:
419 1190 552 1243 Meardus
564 1193 593 1243 et
607 1189 790 1243 Vercellinns.

195 1278 256 1332 Hae
276 1283 342 1332 sunt
359 1278 487 1332 civitates
506 1283 535 1331 et
553 1278 622 1343 loca,
641 1295 713 1347 quae
733 1295 831 1347 pacem
849 1277 1049 1347 praescriptam
1068 1276 1120 1330 sub
1138 1279 1213 1347 jura·

158 1371 255 1420 mento
268 1366 490 1419 Lombardormn
506 1365 651 1420 nobiscum
666 1370 830 1434 receperunt
842 1369 870 1418 et
883 1366 979 1418 eadem
994 1382 1045 1434 pro
1058 1383 1087 1418 se
1105 1367 1212 1434 jurave·

158 1458 242 1506 rnnt:
274 1455 369 1522 Papia,
396 1454 541 1517 Cremona,
567 1453 664 1517 Cuma,
691 1453 830 1517 Terdona,
856 1454 934 1516 Asta,
960 1453 1086 1517 Cesarea,
1108 1453 1211 1518 danna,

160 1540 235 1594 Alba
247 1545 275 1593 et
289 1541 360 1593 aliae
372 1540 501 1593 civitates
516 1544 544 1593 et
560 1540 620 1593 loca
638 1545 666 1593 et
685 1557 828 1609 personae,
842 1557 896 1609 que
914 1543 981 1593 sunt
999 1545 1028 1593 et
1045 1540 1158 1593 luerent
1176 1557 1212 1593 ex

159 1632 238 1696 parte
251 1631 357 1680 nostra.

195 1715 271 1767 Haec
285 1717 351 1766 sunt
364 1713 481 1766 nomina
498 1714 645 1766 consulum
663 1718 692 1766 et
711 1713 885 1778 nuntiorum,
899 1714 948 1783 qui
967 1714 1165 1767 investituram
1183 1719 1212 1767 et

158 1803 321 1856 consulatus
341 1819 358 1855 a
378 1801 461 1854 nobis
481 1801 598 1853 nomina
617 1801 766 1853 civitatum
788 1806 968 1870 receperunt:
995 1801 1030 1855 de
1050 1801 1212 1855 Mediolano

160 1888 317 1953 Adobatus‚
331 1888 366 1942 de
380 1888 524 1941 Placentia
538 1888 679 1941 Gerardus
693 1888 860 1953 Amitinum,
874 1888 909 1941 de
922 1889 1019 1943 Laude
1033 1888 1210 1952 Vincentius

159 1978 194 2031 de
208 1978 321 2031 Verona
334 1977 443 2039 Casius,
459 1976 493 2029 de
507 1975 639 2028 Vicentia
656 1975 757 2040 Pileus,
771 1976 805 2028 de
825 1976 922 2029 Padua
941 1974 1056 2040 Penius,
1070 1976 1105 2029 de
1119 1976 1214 2029 Tarvi-

159 2066 202 2119 sio
221 2064 340 2129 Florius
359 2064 394 2117 de
413 2063 535 2117 Mantua
548 2052 767 2127 Alexandrinus,
786 2063 820 2116 de
840 2063 977 2116 Faventia
996 2063 1164 2128 BernarduS,
1178 2064 1213 2117 de

160 2152 279 2206 Bonona
301 2151 472 2210 Antoninus.
496 2151 531 2205 de
553 2150 667 2204 Mutina
687 2152 813 2214 strictus,
835 2151 870 2205 de
892 2151 982 2221 Regio
1004 2152 1158 2215 Rolandus,
1179 2152 1213 2204 de

160 2240 262 2293 Parma
271 2240 290 2293 J
292 2238 395 2293 acobus
408 2238 485 2292 Petri
498 2238 581 2303 Bave,
592 2238 626 2292 de
637 2238 763 2293 Novaria
773 2238 869 2308 Opim,
879 2238 914 2291 de
925 2238 1061 2292 Vercellis
1071 2239 1212 2303 Meardua

159 2328 194 2380 de
209 2328 345 2396 Pergamo
360 2327 427 2380 Alto
440 2326 581 2380 Fioianus.

197 2415 316 2484 Signum
329 2414 438 2468 domini
452 2413 589 2467 Friderici
606 2414 652 2485 (L.
663 2414 718 2485 M.)
733 2413 926 2469 Romanorum
938 2412 1116 2483 imperatoris
1129 2413 1213 2466 invic-

159 2501 272 2554 tissimi.

195 2589 256 2657 Ego
282 2587 453 2641 (lodefridus
484 2587 637 2656 imperialis
663 2589 742 2641 aulae
768 2588 950 2642 cancellarius
975 2588 1034 2641 rice
1058 2587 1212 2641 Christiani

161 2674 346 2743 lllaguntinae
366 2674 439 2726 sedis
460 2674 660 2743 archiepiscopi
680 2680 708 2727 et
728 2675 963 2728 archicancellarii
985 2675 1141 2744 recognovi.

199 2764 270 2814 Acta
291 2765 357 2813 sunt
376 2761 443 2814 haec
466 2779 541 2815 armo
560 2760 717 2813 dominicae
738 2762 940 2815 incarnationis
962 2763 1037 2825 1183,
1058 2761 1213 2815 indictione

161 2849 260 2918 prima,
273 2852 408 2917 regnante
423 2849 537 2901 domino
554 2848 697 2901 Friderico
717 2848 910 2902 Romanorum
929 2850 1096 2918 imperatore
1115 2849 1215 2919 glorio·

160 2936 280 2998 sissimo,
294 2952 369 2988 anno
382 2935 462 3003 regni
474 2937 535 3003 ejus
549 2937 590 2998 32,
605 2934 715 3004 imperii
729 2953 794 2988 vero
807 2937 849 2988 29.

198 3023 272 3075 Data
284 3022 359 3091 apud
373 3021 569 3076 Constantiam
583 3022 611 3074 in
625 3022 744 3075 solemni
756 3021 835 3075 curia
847 3024 871 3075 7.
887 3022 1027 3076 Kalendas
1039 3022 1059 3076 J
1061 3022 1119 3076 ulii.
