2768 4268
168 325 209 388 60
386 340 517 386 sanncr
544 339 749 385 mnnrfflvar.
775 339 1002 385 nocuunnrs.

167 529 372 572 successores
392 508 453 572 tibi
477 506 611 570 domino
629 528 703 570 meo
724 506 887 592 Gregorio
910 528 1014 590 papae
1038 514 1073 570 et
1095 527 1222 570 succes·

167 612 296 676 soribus
313 613 390 675 tuis.

620 721 754 746 -οομ-

188 888 359 950 GREGORY
387 887 453 948 VII.
483 887 658 949 SUMMONS
687 887 830 948 BOBERT
855 886 1042 949 GUISOARD
1066 887 1151 967 (1082
1161 886 1200 965 i).

475 1048 567 1108 [aare
584 1050 709 1095 aranea
722 1047 909 1114 qer.,11.491.]

212 1174 394 1261 Gregorius
411 1177 584 1260 episcopus
608 1197 724 1239 servus
748 1197 921 1239 servorum
943 1175 1008 1239 Dei
1032 1174 1220 1258 R(oberto)

166 1280 311 1366 glorioso
328 1279 406 1343 duci
422 1280 567 1343 salutem
583 1288 618 1344 et
634 1280 850 1363 apostolicam
867 1278 1146 1342 benedictionem.

212 1383 313 1462 Quod
328 1385 415 1469 gesti
434 1383 515 1447 belli
538 1390 739 1467 proventum
756 1390 791 1447 et
807 1382 948 1466 adaptas
972 1383 1132 1446 victoriae
1154 1383 1223 1466 pal·

167 1509 255 1551 mam
283 1488 377 1551 nobis
409 1496 444 1551 et
474 1488 634 1550 Romanis
665 1487 857 1561 notificasti,
887 1485 932 1561 id,
964 1485 1055 1570 quod
1086 1486 1222 1562 decerit,

166 1592 326 1676 prudenti
354 1592 493 1655 consilio
521 1612 602 1654 usus
630 1592 748 1677 egisti3
779 1597 819 1653 ut
846 1613 907 1666 res,
936 1612 1037 1674 quam
1067 1612 1109 1654 ex
1141 1597 1222 1654 voto

167 1697 352 1759 amicorum
368 1696 512 1781 gloriose
537 1696 737 1770 obtinueras
754 1696 903 1778 ipsorum
927 1694 1223 1780 congratulationi-

168 1800 229 1865 bus
246 1801 409 1886 gloriosor
423 1800 486 1863 tibi
502 1799 698 1863 redderetur
720 1807 822 1883 atque
845 1798 1031 1884 jocundior.
1079 1798 1223 1882 Oportet

168 1906 296 1968 interea
319 1911 352 1968 te
377 1904 474 1967 illum
497 1904 567 1966 alta
589 1904 748 1967 memoria
780 1903 890 1988 figere,
916 1903 1012 1987 cujus
1043 1901 1157 1966 favore
1188 1909 1224 1965 et

169 2009 295 2072 auxilio
322 2030 389 2071 non
416 2007 557 2092 ambigis
587 2029 639 2071 res
670 2016 745 2071 tuas
776 2009 843 2093 jam
873 2007 1002 2070 dudum
1031 2006 1222 2091 procedere.

169 2113 256 2176 Nam
279 2114 368 2176 sicut
390 2111 599 2197 ingratitudo
622 2120 783 2196 provocat
805 2112 1083 2198 indignationem,
1100 2112 1147 2174 ita
1170 2110 1225 2174 de·

170 2218 261 2280 votio
276 2217 510 2279 incunctanter
525 2216 715 2278 accumulat
729 2217 882 2301 gratiam.
923 2214 1138 2299 Quapropter
1152 2213 1225 2278 bea-

170 2328 243 2384 tum
259 2320 409 2394 Petrum,
423 2320 518 2404 cujus
535 2318 597 2382 tibi
613 2319 727 2383 adesse
743 2321 966 2403 patrocinium
982 2318 1122 2405 grandia
1133 2318 1224 2382 iacta

169 2432 348 2499 testantur,
365 2445 442 2509 prae
459 2424 566 2487 oculis
583 2423 702 2487 habere
719 2446 848 2508 semper
866 2425 1066 2499 memineris,
1084 2424 1223 2507 ejusque

169 2527 339 2592 beneficiis
370 2550 447 2591 cum
477 2549 612 2592 neccsse
644 2534 695 2592 est
725 2535 855 2613 gratam
885 2530 994 2593 vicem
1027 2527 1224 2611 rependens

169 2634 280 2717 ipsum
297 2631 338 2696 de
354 2642 465 2696 cetero
481 2633 578 2697 velut
594 2632 776 2696 debitorem
793 2631 923 2696 efficere
946 2632 1007 2695 tibi
1028 2639 1224 2716 procurat03

170 2736 210 2800 de
229 2758 295 2821 quo
311 2737 470 2799 nimirum
494 2759 533 2800 eo
556 2738 661 2821 magis
685 2759 895 2820 praesumere
918 2737 1054 2819 poteris,
1071 2757 1138 2819 quo
1160 2757 1225 2798 am-

169 2842 257 2925 plius
282 2841 449 2923 absequiis
472 2841 571 2903 illum
593 2840 655 2903 tibi
679 2842 775 2924 quasi
806 2840 987 2903 obnoxium
1018 2840 1222 2903 astrinxeris.

171 2944 344 3007 Memento
361 2945 475 3028 itaque
492 2945 607 3007 matris
624 2952 701 3007 tuae
718 2952 852 3008 sanctae
869 2944 1038 3007 Romanae
1056 2944 1224 3018 ecelesiae,

171 3069 256 3131 quae
274 3047 314 3111 de
331 3056 364 3110 te
381 3049 469 3111 inter
484 3057 610 3111 ceteras
626 3050 791 3131 principes
815 3049 1006 3131 specialiter·
1021 3046 1168 3121 confidit,
1185 3055 1226 3109 ut

171 3159 204 3214 te
227 3152 442 3235 peculiariter
458 3151 586 3236 diliget.
634 3152 814 3223 Memento
832 3151 924 3234 quod
946 3151 1008 3214 sibi
1032 3151 1224 3234 promisisti.

239 3331 396 3379 Hadrianus
420 3333 496 3391 Papa
519 3346 581 3379 cum
607 3332 792 3379 cardinalibus
819 3333 877 3379 suis
901 3333 935 3380 ad
965 3332 1111 3380 ecclesiam
1135 3330 1225 3378 sancti

172 3414 315 3471 Marciani,
342 3427 410 3474 quae
434 3427 521 3474 prope
545 3414 671 3462 Calorem
696 3416 809 3462 fluidum
834 3416 889 3462 sita
915 3419 967 3472 cst,
992 3415 1106 3463 veniens
1131 3425 1225 3475 regem

173 3497 350 3544 Guilielmum
368 3498 402 3545 ad
424 3497 508 3556 pedes
528 3511 594 3545 suos
614 3498 757 3545 humiliter
777 3499 954 3546 accedentem
971 3498 1089 3559 benigne
1110 3495 1225 3555 recepit.

173 3579 225 3640 Qui
245 3579 322 3628 facto
340 3580 506 3641 juramento,
526 3584 558 3627 ut
576 3581 662 3627 moris
681 3584 732 3635 est,
752 3581 836 3641 ligius
856 3581 939 3627 homo
958 3581 1048 3639 Papae
1067 3580 1179 3628 devenit
1197 3581 1227 3626 et

172 3662 247 3722 Papa
256 3662 348 3721 ipsum
361 3675 410 3721 per
420 3676 504 3709 uuum
514 3663 646 3710 vexilium
657 3664 690 3710 de
703 3676 789 3723 regno
804 3663 920 3720 Siciliae,
931 3676 980 3722 per
992 3663 1067 3711 aliud
1077 3663 1110 3711 de
1123 3663 1226 3710 (lucatu

172 3743 299 3804 Apuliae,
315 3757 364 3804 per
376 3744 490 3792 tertium
502 3745 536 3792 dc
548 3744 705 3804 principatu
719 3745 828 3805 Capuae
841 3746 993 3794 investivit.
