2768 4268
402 338 478 413 rna
501 337 803 384 uounusrsurru
826 336 971 383 ruaron.
1150 316 1213 380 115

331 594 404 655 THE
432 594 577 656 GOLDEN
604 594 700 655 BULL
729 594 772 654 ΟΡ
799 593 894 655 Bura
927 593 1042 673 (1213).

524 761 846 822 mammam]

206 910 246 972 In
263 910 396 973 nomine
411 917 544 973 sanctae
560 917 595 974 et
615 909 808 973 individuae
834 909 1019 972 Trinitatis.
1067 907 1214 971 Frederi-

163 1035 221 1077 cus
237 1013 403 1080 secundus
420 1013 534 1076 divina
549 1013 683 1077 favente
702 1014 880 1077 clementia
904 1014 1130 1076 Romanorum
1154 1033 1212 1074 rex

162 1140 292 1202 semper
321 1126 495 1204 augustus,
523 1126 558 1182 et
582 1141 640 1182 rex
672 1117 827 1203 Syciliae.
874 1117 1031 1202 Regnum
1061 1123 1214 1178 nostrum

162 1231 243 1288 tunc
266 1222 407 1286 stabiliri
431 1222 596 1287 eredimus
619 1230 654 1286 et
669 1221 878 1297 confidimus,
895 1243 971 1285 eum
988 1220 1212 1294 Altissimum‚

162 1326 202 1392 de
233 1328 329 1412 cujus
360 1350 462 1390 manu
492 1349 531 1391 ea
558 1348 643 1410 quae
670 1327 876 1411 possidemus
904 1326 990 1389 bona
1016 1326 1212 1409 recepimus,

161 1431 372 1495 honoramus.
411 1432 522 1495 Tanto
538 1433 628 1495 enim
644 1430 788 1494 Domino
805 1432 863 1514 qui
879 1430 966 1494 bona
978 1429 1097 1494 tribuit
1109 1429 1213 1502 nobis,

161 1535 204 1598 ad
229 1535 414 1612 offerendas
441 1535 565 1598 hostias
589 1536 696 1618 operis
719 1543 754 1598 et
777 1534 964 1598 devotionis
987 1535 1213 1620 astringimur,

163 1646 290 1723 quanto
318 1641 428 1723 ipsum
453 1638 697 1702 misericordem
721 1639 755 1700 in
780 1638 874 1700 nobis
897 1645 933 1702 et
955 1638 1138 1702 mirabilem
1160 1660 1214 1701 ex-

162 1745 318 1826 perimur.
375 1743 625 1828 Cognoscentes
653 1743 758 1827 igitur
780 1743 922 1828 gratiam
950 1763 1035 1826 quae
1063 1741 1141 1805 data
1163 1749 1215 1805 est

163 1846 257 1910 nobis
284 1846 325 1910 ab
347 1848 429 1931 ipso,
453 1845 613 1910 habentes
637 1867 771 1930 quoque
796 1868 852 1930 pre
877 1848 983 1911 oculis
1007 1847 1157 1909 inmensa
1180 1854 1215 1910 et

163 1952 338 2014 innumera
364 1951 523 2015 beneficia
552 1957 664 2014 vestra
694 1949 865 2013 karissime
897 1949 1030 2014 domine
1061 1957 1096 2013 et
1125 1971 1216 2013 reve·

163 2056 349 2119 rentissime
366 2063 471 2138 pater,
487 2061 656 2138 protector
672 2061 707 2118 et
726 2054 920 2118 benefactor
942 2062 1056 2118 noster
1078 2053 1213 2118 domine

164 2158 350 2233 Innocenti,
375 2159 439 2223 Dei
465 2159 573 2245 gratia
598 2180 727 2223 summe
759 2158 912 2242 pontifex
939 2157 1128 2223 venerande
1155 2179 1216 2242 per

163 2264 259 2347 eujus
275 2262 470 2328 benefitium
486 2284 619 2347 operam
635 2270 669 2327 et
686 2263 828 2326 tutelam
844 2263 916 2325 aliti
933 2284 1048 2326 sumus
1071 2264 1214 2346 protecti

163 2369 287 2450 pariter
309 2388 347 2431 ac
370 2368 524 2451 promoti,
541 2375 718 2452 postquam
737 2368 773 2429 in
789 2367 1052 2430 sollicitudinem
1068 2375 1215 2430 vestram

163 2481 269 2535 mater
283 2479 398 2534 nostra
414 2471 521 2535 felicis
537 2473 715 2535 memoriae
733 2471 931 2534 Constantia
954 2455 1148 2554 imperatrix
1172 2493 1214 2535 ex

163 2577 234 2659 ipso
251 2577 347 2659 quasi
366 2585 460 2639 utero
484 2597 544 2639 nos
566 2576 715 2660 jactavit,
732 2575 826 2640 robis
849 2576 1036 2639 beatissime
1060 2583 1164 2660 pater,
1181 2581 1216 2640 et

164 2679 316 2742 omnibus
340 2680 512 2743 catholicis
535 2680 780 2743 successoribus
803 2681 933 2753 vestris
949 2687 1130 2763 sancteque
1154 2678 1216 2742 Ro

164 2805 259 2846 mane
283 2784 442 2847 ccclesiae
465 2784 597 2866 spetiali
620 2785 718 2846 matri
742 2793 886 2857 nostrae,
909 2804 1042 2847 omnem
1066 2782 1217 2847 obedien-

165 2888 255 2960 tiam,
272 2886 558 2951 honorificentiam
575 2895 676 2970 atque
700 2889 932 2962 reverentiam,
949 2909 1080 2971 semper
1095 2887 1215 2950 humili

164 2989 272 3065 corde,
286 3012 323 3053 ac
337 2990 459 3054 devoto
471 2992 592 3073 spiritu
603 2991 843 3074 impendemus,
855 3012 956 3074 quam
968 2978 1215 3074 predecessores

165 3096 269 3158 nostri
284 3116 379 3180 reges
396 3103 430 3158 et
444 3095 661 3177 imperatores
678 3095 845 3168 catholici,
862 3095 981 3158 vestris
1001 3096 1218 3158 antecessori-

164 3198 225 3261 bus
239 3198 646 3282 impendissenoscuntur,
660 3198 764 3262 nichil
780 3221 822 3262 ex
836 3197 887 3261 his
898 3199 1049 3262 volentes
1062 3197 1216 3274 diminui,

164 3311 215 3366 set
225 3304 329 3389 magis
340 3304 466 3388 augeri,
478 3311 516 3366 ut
526 3312 640 3366 nostra
652 3303 787 3367 devotio
798 3303 903 3388 magis
914 3303 1085 3367 enitescat.
1114 3303 1216 3366 Illum

164 3408 270 3492 igitur
285 3407 426 3471 abusum
442 3408 593 3472 volentes
609 3407 751 3482 abolere,
768 3407 1055 3491 queminterdum
1079 3407 1216 3492 quidam

165 3513 437 3596 predecessorum
453 3520 643 3576 nostrorum
666 3513 854 3577 exercuisse
874 3512 1104 3588 dinoscuntur,
1121 3521 1155 3576 et
1170 3512 1218 3575 di-

164 3627 299 3691 euutur,
312 3618 347 3680 in
359 3617 580 3680 electionibus
596 3618 811 3700 prelatorum,
824 3616 1037 3680 concedimus
1049 3625 1084 3681 et
1094 3618 1218 3681 saucei-

166 3743 249 3794 mus,
267 3729 306 3784 ut
325 3721 504 3784 electiones
527 3721 732 3804 prelatorum
754 3721 856 3785 libere
880 3721 972 3809 fiant,
990 3728 1024 3784 et
1047 3722 1215 3795 canonice,
