2768 4268
409 320 482 366 run
505 319 807 366 nonnusraurnu
828 319 975 366 rnaron.
1156 301 1218 365 141

163 492 274 556 sentia
289 511 477 575 corporum,
493 490 658 564 mentium
680 490 841 553 serenitas
860 489 988 574 gratius
1011 496 1218 572 sequeretur,

165 596 273 680 primo
289 593 491 679 Septembris
508 593 723 677 apostolicam
745 592 860 656 sedem
882 592 1048 656 adivimus
1071 599 1107 656 et
1129 613 1220 655 sauc-

166 700 332 762 tissimum
353 706 483 781 patrem
499 696 672 759 dominum
689 695 893 782 Gregorium
916 695 980 760 Dei
1003 697 1111 782 gratia
1133 718 1220 760 sum·

165 825 258 865 mum
285 802 477 885 pontificem
504 800 649 865 vidimus
680 809 879 864 reverenter.
941 799 1010 879 Qui
1040 800 1217 864 affectione

165 914 304 992 paterna
334 927 393 969 nos
424 906 597 989 recipiens
621 912 656 968 et
685 927 766 990 pace
798 905 949 968 cordium
979 906 1081 969 sacris
1113 906 1218 969 oculis

165 1009 326 1086 sederam,
345 1017 414 1074 tam
437 1009 607 1086 benevole,
632 1017 701 1072 tam
723 1009 867 1095 benigne
891 1011 1100 1094 propositum
1123 1009 1218 1074 nobis

164 1136 225 1179 sue
250 1115 446 1178 intentionis
471 1115 603 1199 aperuit
628 1114 668 1178 de
699 1115 780 1198 ipsis
812 1136 876 1198 que
907 1122 1145 1198 precesserant,
1170 1115 1218 1176 nil

164 1220 335 1294 omittens,
352 1227 387 1283 et
401 1219 536 1305 singula
556 1240 761 1303 prosequens
785 1218 951 1282 evidentis
974 1217 1101 1302 judicio
1124 1219 1218 1281 ratio·

165 1324 227 1399 nia,
245 1323 336 1408 quod
354 1325 417 1387 etsi
437 1345 497 1386 nos
516 1322 697 1406 precedens
714 1344 813 1386 causa
829 1324 1055 1397 commoverit,
1071 1322 1126 1386 vel
1149 1345 1220 1385 ran·

164 1449 276 1492 corem
291 1428 440 1511 potuerit
455 1428 603 1510 aliquem
618 1427 782 1501 attulisse,
795 1427 842 1490 sic
858 1426 1103 1501 benevolentia,
1117 1448 1218 1510 quam

165 1533 388 1615 persensimus
410 1532 444 1593 in
464 1530 591 1605 eodem,
608 1551 739 1593 omnem
762 1537 891 1592 motum
913 1531 1034 1593 lenivit
1056 1531 1168 1606 animi,
1186 1538 1220 1594 et

166 1643 312 1697 nostram
325 1642 435 1697 amoto
448 1655 584 1697 rancore
596 1634 764 1697 serenavit
775 1632 857 1696 adeo
870 1634 1092 1709 voluntatem,
1103 1642 1218 1698 utnon

166 1739 310 1802 velimus
322 1738 465 1801 ulterius
481 1738 641 1821 preterita
657 1738 842 1813 memorari,
855 1759 920 1821 que
937 1739 1117 1802 necessitas
1133 1739 1220 1802 intu-

166 1843 218 1917 lit,
235 1849 274 1904 ut
289 1842 397 1905 virtus
414 1863 456 1905 ex
472 1841 668 1905 necessitate
685 1840 840 1925 prodiens
862 1849 1055 1925 operaretur
1077 1843 1219 1926 gratiam

166 1946 371 2030 ampliorem.
427 1945 628 2009 Remisimus
654 1953 767 2008 autern
792 1946 983 2029 specialiter
1007 1945 1160 2031 singulis
1186 1955 1220 2009 et

166 2051 369 2136 generaliter
390 2050 566 2124 universis,
583 2050 642 2133 qui
665 2057 781 2112 contra
803 2071 863 2113 nos
887 2050 968 2112 olim
990 2071 1120 2114 summo
1142 2072 1220 2134 pon-

167 2154 248 2218 tifici
264 2154 478 2229 adheserunt,
495 2161 529 2218 et
548 2154 583 2215 in
600 2143 641 2216 iis
658 2161 692 2217 et
707 2154 781 2217 aliis
798 2175 862 2237 que
879 2153 941 2217 sibi
957 2162 1054 2240 grata
1070 2153 1218 2230 fuerunt,
1263 2172 1266 2178 ·

166 2258 347 2342 apostolice
371 2257 669 2322 condescendimus
690 2258 878 2333 voluntati3
901 2257 1060 2322 habentes
1084 2280 1161 2323 eum
1184 2259 1219 2321 in

166 2364 257 2426 omui
280 2363 478 2438 reverentia,
498 2384 565 2446 qua
587 2362 649 2426 sibi
673 2370 834 2446 tanquam
857 2363 956 2426 unico
980 2370 1015 2426 et
1037 2363 1219 2426 universali

166 2468 253 2551 patri
276 2475 441 2542 tenemur,
458 2474 492 2531 et
514 2489 573 2530 nos
597 2468 627 2530 ei
650 2489 710 2550 pro
734 2466 857 2531 devoto
881 2466 1018 2531 ecclesie
1040 2468 1109 2530 filio
1129 2467 1220 2531 exhi-

167 2570 283 2635 bentes
315 2573 349 2633 in
381 2593 419 2634 eo
450 2572 587 2634 vinculo
618 2571 802 2646 charitatis,
832 2593 899 2655 quo
929 2571 1154 2635 sacerdotium
1185 2580 1220 2635 et

168 2675 343 2757 imperium
371 2675 414 2737 ad
442 2676 584 2738 invicem
611 2683 692 2738 sunt
718 2676 907 2760 conjuncta.
963 2674 1070 2759 Super
1097 2676 1219 2759 quibus

167 2779 322 2841 omnibus
346 2779 425 2861 quia
448 2800 507 2841 vos
531 2779 684 2862 cupimus
708 2788 897 2842 nostrorum
923 2801 993 2843 esse
1024 2781 1219 2864 participem

167 2881 378 2966 gaudiorum,
392 2881 607 2945 dilectionem
624 2890 769 2946 vestram
785 2883 883 2966 plene
901 2891 1025 2946 certam
1041 2883 1112 2946 fieri
1128 2884 1221 2946 volu·

168 3007 242 3048 mus
259 2993 294 3049 et
309 2985 503 3070 jocundum.

627 3121 763 3146 ——000—

191 3305 285 3366 msr
313 3304 675 3367 rxoouuuruoirrou
704 3306 747 3366 or
775 3303 984 3365 manseron
1012 3305 1051 3364 11.
1083 3305 1196 3383 (1239).

595 3467 685 3526 [n..n.,
698 3469 728 3513 v.
738 3467 797 3525 ‘nor

215 3611 551 3675 Exoommunioamus
590 3620 623 3675 et
661 3611 980 3674 anathematizamus
1021 3611 1221 3675 auctoritate

171 3715 280 3779 Patris
299 3724 334 3779 et
358 3716 435 3778 Filii
460 3724 494 3780 et
518 3715 663 3800 Spiritus
687 3714 801 3778 Sancti
826 3723 861 3778 et
882 3715 1057 3778 beatorum
1082 3715 1223 3798 Aposto-
