2768 4268
210 340 273 404 110
430 357 563 405 sunnor
585 358 791 406 1111111111
814 359 1042 408 1001111111.

208 548 281 590 sore
303 533 417 590 nostro
440 534 577 611 propter
592 527 799 592 invasionem
822 535 856 592 et
876 527 1141 594 devastationem
1163 532 1266 615 patri·

209 631 312 693 monii
335 629 424 695 beati
447 629 551 707 Petri,
573 632 831 695 commonitione
853 653 952 716 saepe
972 633 1163 716 praemissa,
1184 634 1268 718 pub-

209 734 272 798 lice
292 755 329 798 ac
345 735 529 798 solenniter
545 735 899 799 excommunicationis
916 737 1053 800 vinculo
1069 736 1266 815 innodatus,

177 862 180 868 ·
209 859 315 921 quum
330 839 365 900 in
382 837 506 901 Tuscia
521 846 716 915 moraretur,
733 837 826 923 quod
848 840 918 924 ipse
940 840 1156 924 postmodum
1175 863 1267 906 reco-

208 943 336 1028 gnovit,
360 941 442 1004 dum
464 963 523 1025 per
544 943 707 1006 nuncium
729 965 829 1007 suum
853 943 895 1007 ab
914 944 986 1028 ipso
1011 944 1265 1029 praedecessore

208 1054 323 1109 nostro
338 1045 557 1109 absolutionis
574 1046 771 1111 beneficium
785 1049 980 1132 postulavit,
996 1057 1031 1114 et
1048 1049 1266 1133 postmodum

209 1170 228 1212 a
251 1158 333 1213 tunc
358 1149 495 1213 Sutrino
511 1151 674 1234 episcopo,
692 1173 793 1235 quem
809 1173 888 1216 oum
910 1151 1028 1216 abbate
1050 1154 1158 1219 sancti
1175 1154 1267 1218 Ana

194 1255 302 1337 ‚stasii
313 1276 373 1337 pro
386 1254 579 1319 liberatione
593 1255 792 1318 venerabilis
807 1255 921 1319 fratris
938 1257 1044 1319 nostri
1061 1255 1264 1322 Salernitani

209 1358 448 1442 archiepiscopi
471 1381 531 1423 nos
552 1361 588 1422 in
605 1359 830 1422 Theutoniam
846 1361 1051 1436 miseramus
1068 1369 1184 1424 contra
1199 1361 1267 1426 for·

209 1484 297 1526 mam
312 1463 469 1527 mandata
484 1465 589 1528 nostri
610 1464 651 1528 de
674 1464 763 1527 iacto
787 1464 1005 1541 solummodo
1022 1467 1102 1550 quia
1125 1465 1166 1531 de
1188 1468 1264 1551 jure

210 1590 277 1632 non
307 1570 428 1652 potuit,
460 1578 535 1653 post
565 1590 660 1632 suam
690 1569 889 1633 electionem
919 1569 1009 1654 apud
1040 1569 1263 1636 Wormatiam

211 1674 342 1738 occulte
358 1695 393 1737 se
409 1674 491 1737 iecit
506 1673 644 1737 absolvi.
691 1672 790 1736 Unde
815 1681 919 1756 patet,
936 1673 1030 1758 quod
1051 1673 1119 1739 fuit
1133 1697 1265 1740 excom-

210 1779 400 1841 municatus
431 1779 569 1842 electus.
627 1777 672 1840 Et
700 1777 834 1841 videtur
865 1799 932 1842 non
962 1780 1138 1855 1111101110,
1170 1780 1265 1865 quod

210 1883 318 1946 adhuc
334 1884 380 1947 sit
398 1905 439 1946 ex
456 1882 572 1947 eadem
595 1905 694 1947 causa
717 1885 1071 1948 excommunicationis
1094 1887 1266 1950 sententia

210 1987 399 2063 innodatus,
417 2009 522 2071 quum
537 1988 726 2070 praedictus
743 1990 917 2072 episcopus
940 2011 1019 2052 eum
1041 2010 1101 2053 sua
1124 1991 1265 2054 auctori·

210 2101 279 2156 tate
303 2113 371 2155 101
395 2100 507 2176 posset
523 2092 700 2169 absolvere,
718 2093 916 2156 auctoritate
933 2115 1012 2157 vero
1028 2102 1161 2158 nostrae
1178 2094 1266 2160 dele-

209 2200 353 2284 gationis
370 2220 430 2262 100
447 2206 558 2282 posset
574 2200 659 2282 plus,
672 2221 733 2262 nec
749 2200 847 2262 aliter
861 2200 978 2264 liceret
993 2199 1054 2263 hoc
1071 2201 1144 2284 ipsi,
1162 2222 1264 2285 quam

210 2305 240 2366 ei
263 2303 374 2367 fuerat
397 2303 438 2367 ab
460 2305 643 2386 apostolica
666 2303 743 2367 sede
768 2325 974 2368 eoncessum.
1021 2304 1073 2367 Ex
1097 2325 1137 2368 eo
1160 2305 1263 2369 etiam

210 2409 566 2471 excommunicationis
589 2409 773 2471 sententiae
798 2408 967 2492 subjacere
992 2407 1139 2472 ereditur
1161 2409 1266 2472 mani-

210 2512 306 2587 feste,
332 2512 434 2596 quod,
460 2535 565 2596 quum
589 2512 736 2596 perfidus
763 2513 989 2589 Marcualdus,
1015 2512 1079 2577 Dei
1104 2520 1139 2577 et
1162 2513 1266 2578 eccle·

210 2618 276 2681 siae
293 2618 456 2691 inimicus
472 2639 550 2680 cum
566 2619 730 2680 universis
747 2616 934 2681 fautoribus
956 2625 1025 2680 tam
1042 2617 1264 2681 Theutonicis

213 2743 313 2805 quam
330 2721 470 2795 Latinis,
484 2723 838 2785 excommunicationis
853 2723 1009 2806 vulgatae
1022 2722 1167 2785 vinculis
1179 2742 1264 2785 suae

211 2827 400 2909 iniquitatis
428 2827 554 2889 meritis
581 2827 625 2889 sit
652 2826 842 2902 adstrictus,
871 2827 958 2890 sicut
988 2827 1054 2910 jam
1081 2825 1174 2889 vobis
1204 2847 1265 2908 per

210 2931 324 2994 literas
355 2938 483 2993 nostras
514 2930 656 2994 directas
688 2953 746 3013 per
777 2930 814 2993 P.
846 2930 992 3014 judicem
1028 2930 1263 2993 Placentinum

212 3035 315 3118 ipsius
349 3034 498 3118 Philippi
530 3036 691 3097 nuncium
722 3035 893 3098 intimasse
925 3035 1148 3109 meminimus
1179 3055 1265 3117 quas

211 3138 253 3201 ad
275 3138 378 3222 ipsius
403 3138 553 3222 Philippi
575 3138 779 3202 audientiam
796 3138 960 3202 credimus
977 3139 1176 3223 pervenisse,
1192 3139 1265 3221 ipse

211 3242 437 3314 nihilominus,
455 3244 606 3325 quamvis
627 3241 672 3316 id,
689 3264 755 3305 non
773 3251 906 3306 tantum
924 3264 965 3305 ex
982 3243 1142 3305 relatione
1159 3242 1265 3325 ipsius

210 3346 340 3430 judicis,
358 3345 414 3409 sed
433 3348 532 3408 etiam
550 3368 609 3430 per
623 3345 791 3429 publicam
809 3347 931 3408 famam
955 3346 998 3409 ad
1021 3346 1176 3409 notitiam
1192 3345 1265 3429 ejus

212 3449 391 3525 devenerit,
409 3450 515 3514 eidem
536 3451 836 3514 excommunicatio
861 3472 927 3513 1011
951 3451 1059 3513 solum
1083 3450 1265 3513 communi-

211 3563 275 3628 cat,
300 3553 359 3617 sed
384 3576 461 3617 eum
487 3555 521 3615 in
548 3555 675 3617 malitia
699 3575 760 3617 sua
785 3554 887 3629 fovet,
915 3561 950 3618 ct
975 3575 1034 3638 per
1059 3554 1198 3617 nuncios
1228 3559 1266 3617 et

211 3658 324 3721 literas
349 3679 426 3721 suas
452 3659 587 3720 exacuit
611 3658 758 3721 furorem
786 3659 900 3742 ipsius,
927 3666 966 3721 ut
990 3658 1197 3721 carissimum
1227 3657 1264 3719 in

212 3761 347 3826 Christo
362 3761 470 3824 filium
486 3770 637 3825 nostrum
653 3761 870 3837 11111101101111,
888 3761 1020 3826 Siciliae
1036 3782 1150 3846 regem
1173 3761 1266 3824 illus·
