2768 4268
176 306 218 370 58
395 324 527 370 SELECT
550 325 755 371 MEDIAEVAL
781 325 1010 373 DOGUMENTS.

176 491 238 555 tibi
254 491 389 556 domino
406 514 478 556 meo
496 491 660 579 Gregorio
677 494 859 557 universali
876 516 990 579 papae.
1036 496 1077 558 In
1090 498 1230 561 consilio

176 596 232 660 vel
255 597 357 671 facto,
377 595 465 660 unde
489 598 594 660 vitam
617 605 677 660 aut
700 597 883 661 membrum
905 599 1024 683 perdas
1041 600 1095 664 vel
1112 609 1230 684 captus

176 701 221 763 sis
244 701 331 763 mala
355 701 517 784 captione,
535 722 601 764 non
618 722 683 765 ero.
730 702 928 779 Consilium,
946 703 1038 786 quod
1061 704 1143 767 mihi
1165 727 1232 769 cre-

177 803 311 879 dideris,
328 812 363 868 et
378 804 620 869 contradixeris
636 827 677 869 ne
694 806 780 869 illud
796 806 1018 883 manifestem,
1038 829 1105 871 non
1129 810 1232 872 mani-

177 907 305 972 festabo
317 907 363 976 ad
380 917 477 972 tuum
493 909 651 972 damnum
666 931 718 974 me
734 912 870 975 sciente.
918 910 1059 975 Sanctae
1076 933 1229 977 romanae

177 1013 353 1077 aecclesiae
370 1013 498 1097 tibique
516 1013 718 1097 adjutorem
735 1013 778 1077 ad
793 1014 978 1078 tenendum
988 1017 1230 1099 acquirendum

88 1139 93 1148 ·
177 1124 212 1181 et
227 1117 476 1181 defendendum
491 1119 617 1202 regalia
629 1121 736 1183 saneti
749 1119 843 1183 Petri
855 1121 993 1204 ejusque
1006 1122 1230 1204 possessiones

177 1244 237 1306 pro
261 1245 334 1285 meo
358 1244 453 1306 posse
478 1231 594 1286 contra
617 1244 731 1286 omnes
753 1223 1107 1309 homines-excepta
1134 1234 1229 1309 parte

178 1327 353 1390 Firmanae
370 1327 534 1390 marchiae
552 1336 587 1391 et
603 1325 740 1391 Salerno
753 1335 854 1412 atque
870 1327 1004 1403 Amalfi,
1018 1328 1107 1392 unde
1120 1328 1229 1393 adhuc

177 1430 267 1495 facta
289 1453 356 1495 non
381 1439 431 1495 est
462 1431 714 1506 difinitio‚—et
737 1431 902 1516 adjuvabo
926 1442 970 1507 te,
995 1440 1035 1497 ut
1057 1455 1172 1497 secure
1197 1440 1231 1498 et

177 1536 358 1600 honorifice
392 1544 506 1599 teneas
540 1543 698 1619 papatum
733 1537 921 1599 Romanum
954 1537 1093 1600 Terram
1123 1538 1230 1601 sancti

178 1639 281 1716 Petri,
299 1662 400 1723 quam
423 1661 512 1703 nunc
537 1648 630 1704 tenes
648 1640 703 1704 vel
718 1640 894 1704 habiturus
916 1663 960 1717 es,
977 1649 1154 1725 postquam
1171 1642 1232 1705 sci-

177 1766 255 1808 vero
283 1751 361 1808 tuae
389 1766 458 1808 esse
482 1745 667 1828 potestatis,
693 1766 753 1808 nec
776 1743 933 1808 invadere
966 1767 1026 1809 nec
1054 1745 1229 1828 adquirere

177 1869 334 1932 quaeram
357 1869 418 1912 nec
442 1849 544 1912 etiam
569 1848 762 1932 depraedari
785 1870 992 1932 praesumam
1019 1849 1143 1932 absque
1171 1857 1230 1913 tua

178 1961 380 2036 tuorumque
412 1975 652 2028 successorum,
677 1954 736 2036 qui
759 1953 802 2015 ad
824 1953 984 2017 honorem
1006 1954 1113 2017 sancti
1137 1952 1230 2017 Petri

178 2057 324 2121 ordinati
348 2056 485 2133 fuerint,
510 2066 601 2121 certa
624 2058 770 2133 licentia,
794 2065 926 2141 praeter
949 2058 1042 2120 illam
1066 2078 1168 2140 quam
1192 2064 1230 2120 tu

176 2162 277 2226 michi
294 2162 454 2226 concedes
468 2162 522 2225 vel
539 2163 589 2225 tui
606 2162 797 2224 concessuri
809 2169 890 2224 sunt
901 2183 1116 2225 successores.
1147 2161 1232 2224 Pen-

177 2268 304 2330 sionem
321 2266 361 2330 de
380 2275 467 2331 terra
483 2267 589 2330 sancti
607 2265 709 2340 Petri,
727 2287 827 2349 quam
844 2288 906 2351 ego
918 2273 1015 2329 teneo
1028 2274 1087 2329 aut
1099 2266 1230 2341 teneb0,

177 2371 265 2434 sicut
281 2378 446 2434 statutum
463 2378 523 2444 est,
536 2377 626 2434 recta
638 2369 702 2433 fide
719 2369 871 2444 studebo,
885 2377 924 2432 ut
936 2370 1029 2431 illam
1041 2369 1231 2432 annualiter

176 2481 290 2537 sancta
308 2475 456 2538 Romana
479 2474 599 2537 lrabeat
615 2474 764 2537 ecclesia.
813 2473 938 2537 Omnes
956 2495 1092 2557 quoque
1109 2474 1232 2537 aeecle-

177 2580 251 2654 siaS‚
277 2600 361 2661 quae
386 2580 421 2640 in
445 2599 518 2641 mea
541 2579 726 2661 persistunt
750 2577 986 2653 dominatione,
1011 2599 1088 2640 cum
1115 2598 1230 2640 earum

176 2683 438 2766 possessionibus
462 2682 628 2745 dimittam
652 2683 687 2744 in
710 2690 769 2745 tua
792 2688 957 2765 potestate
970 2704 978 2756 ;
1010 2688 1044 2744 et
1075 2680 1231 2745 defensor

177 2798 233 2851 ero
249 2787 384 2849 illarum
407 2786 450 2850 ad
473 2786 670 2850 fidelitatem
694 2792 827 2849 sanctae
852 2786 1021 2849 Romanae
1038 2786 1229 2848 aecclesiae.

177 2891 265 2954 Etsi
283 2899 320 2954 tu
337 2891 391 2954 vel
408 2892 458 2953 tui
475 2912 680 2954 successores
704 2897 781 2953 ante
805 2911 857 2953 me
881 2911 924 2952 ex
948 2889 1010 2953 hae
1027 2891 1098 2953 vita
1114 2890 1231 2974 migra·

177 2997 302 3070 veritis,
319 2994 504 3059 secundum
520 2994 612 3078 quod
628 2995 775 3057 monitus
792 2992 888 3057 fuero
912 3016 931 3056 a
954 2993 1144 3057 melioribus
1164 3014 1231 3056 car-

177 3098 354 3175 dinalibus,
378 3100 506 3163 clericis
530 3099 687 3162 Romanis
712 3105 746 3160 et
768 3098 873 3174 laicis,
897 3097 1073 3182 adjuvabO,
1091 3104 1130 3160 ut
1145 3117 1230 3180 papa

177 3203 322 3290 eligatur
349 3211 383 3268 et
398 3195 586 3267 ¹ordinetur
609 3202 652 3265 ad
674 3203 834 3265 honorem
857 3203 963 3265 saneti
987 3201 1089 3264 Petri.
1137 3200 1229 3263 Haec

177 3310 286 3371 omnia
302 3329 401 3392 supra
417 3308 538 3391 scripta
555 3307 736 3370 observabo
755 3314 889 3369 sanctae
915 3307 1083 3369 Romanae
1107 3305 1232 3368 aeccle-

175 3413 242 3475 siae
267 3419 301 3475 et
324 3412 384 3475 tibi
406 3433 482 3474 cum
499 3419 590 3475 recta
606 3410 681 3474 fide.
728 3410 774 3472 Et
796 3409 882 3473 hane
907 3408 1103 3473 fidelitatem
1126 3408 1231 3471 obser-

176 3516 260 3580 vabo
277 3517 343 3579 tuis
360 3516 615 3589 successoribus,
631 3513 675 3576 ad
689 3514 849 3577 honorem
866 3514 974 3577 sancti
992 3512 1084 3576 Petri
1102 3511 1231 3575 ordina·

176 3621 229 3695 tis,
247 3621 305 3702 qui
321 3620 422 3682 michi
445 3620 473 3681 si
496 3640 568 3682 mea
590 3619 689 3702 eulpa
713 3639 781 3681 non
804 3618 1008 3692 remanserit,
1026 3617 1231 3680 firmaverint

175 3723 409 3786 investituram
425 3742 444 3785 a
460 3729 493 3786 te
510 3723 591 3784 mihi
609 3743 808 3785 concessam.
860 3720 930 3806 [Sic
950 3742 1001 3783 me
1024 3719 1117 3783 Deus
1139 3718 1232 3804 adju·
