2768 4268
294 327 429 375 aaaron
453 327 498 374 or
522 327 596 373 rna
620 326 863 374 nanncorvrnrv
886 325 1089 373 auruncus.
1175 308 1217 372 43

162 497 272 560 aDeo
289 516 481 560 concessam
497 517 659 580 exurgere
681 516 748 557 non
772 493 924 568 timuisti,
941 515 1042 577 quam
1065 501 1098 557 te
1122 493 1217 556 nobis

162 600 293 665 auferre
309 621 410 664 ausus
427 621 461 663 es
478 600 615 662 minari:
641 599 736 683 quasi
752 620 811 662 nos
831 619 850 661 a
868 606 902 661 te
922 619 1064 682 regnum
1087 618 1219 681 accepe-

163 706 277 780 rimus,
295 705 390 788 quasi
406 704 441 766 in
459 711 517 767 tua
533 711 568 767 et
584 725 650 765 non
668 704 702 765 in
720 702 784 766 Dei
804 723 905 764 manu
928 703 973 765 sit
995 702 1050 765 vel
1076 722 1216 787 regnum

162 810 216 872 vel
234 809 421 892 imperium.
461 807 550 886 Quia
569 806 724 870 dominus
742 815 855 870 noster
871 806 891 869 J
895 827 969 869 esus
987 805 1141 869 Christus
1158 827 1217 869 nos

163 913 206 976 ad
222 934 372 998 regnum,
389 925 422 977 te
440 920 553 976 autem
575 933 642 974 non
662 912 795 975 vocavit
818 910 861 972 ad
882 909 1117 974 sacerdotium.
1164 910 1217 973 Tu

163 1017 251 1081 enim
290 1017 341 1080 his
379 1016 536 1102 gradibus
574 1015 765 1091 ascendisti,
797 1015 925 1079 scilicet
961 1013 1095 1086 astutia,
1127 1011 1223 1097 quod

163 1121 373 1185 monarchica
404 1120 565 1204 professio
596 1119 839 1194 abhominatur,
864 1119 1051 1203 pecuniam,
1076 1119 1218 1202 pecunia

162 1225 451 1300 favorenr,fav01·e
475 1225 611 1300 ferrum,
628 1225 717 1288 ferro
740 1223 853 1288 sedern
876 1224 965 1307 pacis
989 1222 1099 1299 adisti,
1120 1231 1155 1286 ct
1176 1222 1216 1286 de

162 1329 240 1394 sede
264 1331 355 1413 pacis
378 1351 494 1413 pacem
518 1329 672 1402 turbasti,
696 1327 776 1391 dum
803 1327 956 1391 subditos
987 1329 1021 1389 in
1052 1328 1217 1411 praelatos

162 1436 308 1510 armasti,
333 1434 413 1496 dum
438 1435 609 1518 episcopos
634 1441 764 1496 nostros
788 1454 806 1495 a
829 1431 891 1495 deo
916 1441 1062 1506 vocatos,
1086 1440 1125 1494 tu
1150 1453 1216 1494 non

163 1547 301 1602 vocatus
332 1537 537 1622 spernendos
568 1536 723 1610 docuisti,
755 1536 836 1599 durn
866 1536 959 1599 laicis
992 1536 1216 1598 ministerium

163 1665 276 1707 eorum
300 1664 400 1725 super
422 1641 608 1705 sacerdotes
632 1642 810 1724 usurpasti,
829 1648 867 1704 ut
885 1641 948 1724 ipsi
971 1639 1140 1724 deponant
1163 1641 1217 1704 vel

164 1746 420 1830 condempnent,
442 1768 525 1830 quos
549 1747 612 1830 ipsi
636 1768 655 1808 a
678 1766 779 1809 manu
802 1746 867 1810 Dei
889 1768 949 1830 per
971 1747 1217 1830 impositionem

164 1872 324 1914 manuum
340 1852 578 1936 episcopalium
594 1852 734 1916 docendi
752 1860 958 1936 acceperant.
998 1851 1054 1915 Me
1072 1872 1216 1935 quoquc,

164 1957 223 2041 qui
239 1957 319 2020 licet
334 1956 494 2044 indignus
510 1959 600 2022 inter
615 1957 756 2022 christos
773 1958 815 2021 ad
831 1980 973 2044 regnum
988 1979 1063 2020 sum
1083 1966 1217 2031 unctus,

164 2061 317 2147 tetigisti,
335 2083 435 2145 quem
451 2071 640 2126 sanctorum
657 2071 789 2146 patrum
806 2062 942 2126 traditio
957 2063 1019 2125 soli
1041 2061 1114 2126 Deo
1134 2061 1219 2146 judi·

164 2165 310 2230 candum
326 2165 452 2242 docuit,
469 2188 529 2231 nec
546 2189 606 2251 pro
623 2168 737 2251 aliquo
754 2168 890 2231 crimine
907 2167 972 2230 nisi
995 2189 1015 2229 a
1035 2166 1109 2241 fide,
1127 2166 1218 2250 quod

163 2270 260 2345 absit,
280 2270 548 2344 exorbitaverim,
572 2270 808 2355 deponendum
830 2272 994 2345 asseruit3
1018 2292 1094 2334 cum
1118 2271 1219 2334 etiam

165 2377 338 2441 lulianum
365 2387 549 2462 apostatam
573 2379 753 2462 prudentia
777 2385 967 2443 sanctorum
991 2385 1124 2461 patruni
1150 2397 1218 2438 non

164 2481 225 2545 sibi
238 2481 297 2545 sed
306 2483 368 2546 soli
379 2483 451 2546 Deo
463 2482 680 2567 judicandum
691 2483 993 2568 deponendumque
1005 2480 1217 2555 commiserit,

165 2585 239 2668 lpse
267 2607 401 2670 quoqne
424 2609 522 2651 verns
546 2609 631 2672 papa
655 2587 773 2652 beatus
798 2587 920 2651 Petrus
943 2587 1082 2650 clamat:
1107 2585 1218 2648 Deum

165 2690 291 2765 timete,
308 2712 420 2775 regem
437 2690 605 2755 honorate.
640 2692 693 2754 Tu
707 2700 828 2766 autem,
842 2692 900 2775 qui
911 2690 1011 2754 deum
1028 2710 1095 2752 non
1111 2690 1218 2764 times,

166 2794 200 2854 in
216 2815 267 2856 me
282 2795 503 2857 constitutum
517 2795 588 2879 ejus
603 2795 792 2859 inhonoras.
830 2795 928 2859 Unde
944 2794 1062 2858 beatus
1080 2792 1217 2867 Paulus,

166 2896 222 2960 ubi
239 2898 357 2982 angelo
374 2897 415 2961 de
432 2898 535 2973 ccelc,
548 2899 613 2962 alia
624 2900 651 2962 si
669 2899 921 2983 praedicaverit,
932 2920 998 2961 non
1015 2898 1172 2982 pepercit,
1185 2904 1218 2960 te

166 3022 300 3084 quoque
317 3002 352 3063 in
368 3003 464 3064 terris
481 3002 547 3065 alia
563 3002 735 3067 decentem
754 3024 821 3065 non
839 3004 980 3086 excepit.
1027 3001 1089 3065 Ait
1111 3002 1218 3065 enim:

166 3103 202 3167 Si
230 3106 305 3189 quis
333 3106 388 3169 vel
413 3128 475 3191 ego
499 3107 554 3170 vel
581 3107 721 3192 angelus
749 3129 766 3171 e
794 3108 885 3171 coelo
913 3113 1044 3190 praeter
1067 3104 1102 3168 id
1129 3105 1220 3189 quod

166 3210 433 3295 evangelizatum
458 3219 510 3275 est
531 3211 625 3275 vobis
651 3212 941 3298 evangelizaverit,
964 3209 1141 3273 anathema
1165 3210 1219 3272 sit.

167 3313 221 3377 Tu
245 3336 323 3398 ergo
347 3314 409 3378 hoc
433 3316 655 3391 anathemate,
672 3324 707 3380 et
723 3316 872 3379 omnium
895 3316 1124 3399 episcoporum
1149 3333 1221 3376 nos-

165 3424 294 3481 trorum
317 3418 443 3502 judicio
466 3427 501 3484 et
524 3427 638 3484 nostro
662 3419 862 3504 dampnatus
879 3418 1051 3490 descende,
1069 3416 1221 3480 vendica·

166 3530 234 3585 tarn
258 3522 370 3587 sedern
394 3524 608 3608 apostolicam
633 3525 805 3609 relinque3
830 3525 915 3588 alius
937 3525 971 3586 in
988 3523 1108 3587 solium
1132 3521 1220 3585 beati

167 3625 259 3690 Petri
276 3627 443 3698 ascendat,
457 3630 515 3712 qni
532 3630 625 3693 nulla
638 3630 832 3693 violentiam
846 3629 1007 3714 religione
1021 3626 1148 3711 palliet,
1161 3624 1220 3689 sed

165 3729 253 3793 beati
282 3729 375 3795 Petri
400 3753 514 3795 sanam
540 3732 659 3797 doceat
684 3733 882 3797 doctrinam.
941 3733 1014 3817 Ego
1039 3731 1219 3794 Heinricus
