2768 4268
195 336 236 400 26
413 351 547 398 sunnon
569 351 776 398 nnnrnrvan
802 350 1032 398 nocuunurs.

195 521 342 587 remedio
364 521 473 585 anime
495 527 608 585 nostre
624 527 659 585 et
680 519 741 583 filii
765 520 870 584 nostri
892 520 962 584 sive
986 527 1165 604 pareutum
1180 541 1254 584 nos·

194 634 323 690 trorum
346 647 384 689 ac
408 645 638 688 successorum
660 631 851 687 nostrorum
874 630 909 687 et
931 645 991 709 pro
1013 631 1136 688 cuncto
1153 623 1251 688 adeo

194 737 392 795 conservato
420 736 521 813 atque
549 728 777 793 conservando
805 727 1009 791 Francorum
1033 728 1157 813 populo
1184 730 1252 814 jam

195 833 283 898 dicte
300 834 438 898 ecclesie
463 840 521 897 tue
542 833 638 897 beate
663 831 762 896 Petro
778 832 928 917 apostole
946 839 980 896 et
1002 854 1061 916 per
1076 840 1110 896 te
1127 834 1252 898 vicario

195 946 255 1003 tuo
267 938 410 1023 spiritali
425 937 513 1022 patri
528 944 644 1002 nostro
656 935 779 1001 domno
796 937 817 1000 J
819 936 942 1000 ohanni
954 958 1084 1001 summo
1100 937 1251 1022 pontifici

195 1051 231 1108 et
245 1042 428 1107 universali
451 1063 536 1127 pape
553 1043 692 1126 ejusque
709 1041 954 1106 successoribus
971 1063 1078 1125 usque
1099 1042 1135 1105 in
1152 1042 1251 1107 finem

194 1148 299 1212 seculi
322 1169 361 1211 eo
386 1146 484 1210 modo
511 1146 743 1211 confirmamus
768 1147 866 1210 utin
892 1167 953 1210 suo
978 1146 1152 1211 detineant
1177 1147 1250 1232 jure

196 1252 385 1336 principatu
409 1258 511 1335 atque
535 1250 675 1314 dicione.
722 1248 831 1313 Simili
854 1249 953 1313 modo
976 1272 1035 1335 per
1057 1251 1119 1314 hoc
1136 1258 1250 1315 nostre

196 1355 419 1442 delegationis
445 1361 581 1439 pactum
607 1354 851 1430 confirmamus,
868 1354 1064 1418 donationes
1090 1376 1173 1438 quas
1196 1356 1250 1440 pie

196 1459 436 1524 recordationis
462 1458 604 1522 domnus
632 1458 795 1543 Pippinus
820 1480 880 1523 rex
907 1466 942 1522 et
968 1467 1084 1543 postea
1109 1458 1251 1523 domnus

198 1564 320 1628 Karlus
337 1564 639 1628 excellentissimus
654 1564 836 1648 imperator
858 1563 956 1627 beato
980 1562 1083 1627 Petro
1100 1564 1251 1648 apostolo

195 1676 380 1752 spontanea
407 1668 583 1732 voluntate
611 1668 841 1744 contulerunt,
868 1689 929 1732 nec
957 1688 1023 1730 non
1051 1675 1086 1732 et
1113 1689 1251 1732 censum

196 1774 251 1837 vel
281 1773 475 1857 pensionem
500 1793 561 1836 seu
588 1779 714 1836 ceteras
741 1770 893 1836 dationes
921 1793 986 1856 que
1014 1773 1189 1835 annuatim
1214 1774 1250 1835 in

196 1877 363 1961 palacium
378 1877 465 1962 regis
489 1875 791 1960 Longobardorum
814 1875 931 1940 inferri
954 1875 1105 1940 solebant
1122 1877 1192 1940 sive
1209 1875 1250 1941 de
1303 1871 1305 1874 ’

198 1980 321 2044 Tuscia
336 1981 407 2044 sive
431 1979 472 2043 de
496 1979 622 2043 ducatu
646 1979 838 2064 spoletana,
855 1980 944 2043 siout
966 1981 1002 2042 in
1018 1981 1251 2064 suprascriptis

197 2083 432 2148 donationibus
456 2084 649 2148 continetur
672 2091 707 2147 et
728 2084 817 2147 inter
839 2093 952 2148 sancte
975 2085 1131 2148 memorie
1153 2083 1252 2147 Adri·

197 2210 297 2251 anum
313 2209 433 2273 papam
449 2194 484 2252 et
499 2187 659 2250 domnum
677 2187 817 2250 Karlum
833 2189 1067 2271 imperatorem
1083 2190 1251 2264 convenit,

196 2289 332 2376 quando
347 2291 437 2354 idem
451 2290 605 2375 pontifex
622 2290 729 2354 eidem
747 2290 788 2355 de
804 2292 1038 2376 suprascriptis
1063 2291 1251 2368 ducatibus,

197 2395 232 2459 id
248 2403 299 2460 est
323 2396 478 2459 Tuscano
494 2403 529 2459 11
553 2393 737 2479 Spolitan0,
754 2416 813 2459 sue
830 2397 1039 2459 auctoritatis
1055 2403 1251 2480 preceptum

196 2499 417 2576 confirmavit,
434 2521 472 2563 eo
488 2499 617 2563 scilicet
632 2499 730 2563 modo
746 2507 786 2563 ut
807 2501 902 2564 aunis
918 2500 1062 2586 singulis
1081 2500 1252 2584 predictus

197 2625 316 2668 census
343 2603 386 2666 ad
412 2611 539 2688 partem
567 2604 705 2668 ecclesie
732 2602 821 2668 beati
850 2603 943 2668 Petri
968 2606 1109 2689 apostoli
1131 2605 1253 2688 persol-

197 2715 306 2785 vatur,
330 2708 423 2772 salva
445 2729 546 2792 super
569 2707 702 2772 eosdem
726 2706 870 2771 ducatus
894 2715 1007 2772 nostra
1034 2709 1069 2770 in
1097 2708 1251 2772 omnibus

198 2813 424 2877 dominatione
441 2820 475 2876 et
491 2813 626 2874 illorum
641 2812 684 2875 ad
700 2819 845 2876 nostram
862 2820 992 2897 partem
1011 2820 1045 2876 et
1063 2813 1124 2875 filii
1147 2814 1252 2877 nostri

197 2916 414 3001 subjectione.
476 2916 635 2981 Ceterum
664 2918 753 2981 siout
784 2916 931 2981 diximus
963 2903 1074 2980 omnia
1100 2918 1251 3002 superius

197 3021 370 3084 nominata
387 3021 435 3084 ita
454 3020 497 3084 ad
512 3028 659 3085 vestram
682 3028 811 3105 partem
834 3045 893 3106 per
916 3022 977 3085 hoc
1001 3030 1114 3085 nostre
1138 3021 1254 3084 confir-

198 3125 354 3188 mationis
378 3133 514 3210 pactum
539 3119 741 3201 roboramus,
768 3134 808 3190 ut
833 3128 869 3189 in
894 3134 1005 3190 vestro
1037 3131 1253 3208 permaneant

198 3229 269 3313 jure
294 3229 484 3313 principatu
509 3237 610 3314 atque
637 3230 762 3294 ditione
788 3239 823 3295 et
847 3252 955 3314 neque
981 3251 1000 3293 a
1026 3229 1118 3291 uobis
1141 3248 1250 3310 neque

198 3354 217 3396 a
240 3334 485 3397 successoribus
509 3335 630 3398 nostris
654 3356 713 3418 per
732 3334 907 3419 quodlibet
930 3340 1166 3418 argumentum
1182 3332 1251 3393 sive

198 3438 478 3502 machinationem
499 3439 533 3500 in
551 3460 762 3523 quacumque
782 3446 875 3523 parte
892 3445 1003 3502 vestra
1027 3443 1173 3520 potestas
1196 3435 1254 3496 im-

199 3542 370 3604 minuatur
386 3551 446 3606 aut
462 3564 481 3605 a
496 3542 589 3606 vobis
605 3542 683 3606 inde
699 3543 830 3626 aliquid
851 3541 1068 3605 subtrahatur
1085 3537 1126 3602 de
1142 3559 1255 3621 supra-

198 3646 330 3729 scriptis
357 3645 517 3709 videlicet
539 3647 716 3730 provintiis
740 3646 878 3711 urbibus
905 3644 1099 3709 civitatibus
1123 3640 1254 3726 oppidis

199 3750 316 3813 castris
340 3750 459 3813 viculis
482 3750 601 3814 insulis
625 3750 803 3813 territoriis
827 3755 929 3833 atque
957 3746 1165 3832 patrimoniis
1192 3764 1254 3806 nec
