2768 4268
407 366 481 411 rna
505 364 805 411 nonnusrnurnn
830 366 973 411 rnmon.
1179 349 1220 411 99

163 533 337 598 abbatibus
366 541 400 597 et
427 534 633 617 praepositis,
662 535 816 617 praelatis
844 541 878 597 θῇ
908 533 1098 617 presbiteris
1129 555 1221 618 paro-

163 638 302 713 chianis,
318 637 381 701 hoo
398 636 487 700 idem
503 636 693 720 pradictum
708 638 946 721 juramentum,
963 646 1003 702 ut
1018 639 1081 722 ipsi
1101 640 1221 722 princi-

163 764 221 826 pes
244 741 445 826 juraverunt
467 747 502 803 θῇ
525 740 817 816 confirmaverunt,
837 742 907 826 ipse
931 763 1041 805 coram
1065 742 1219 806 omnibus

163 845 297 931 publice
313 844 434 920 iacias3
459 854 534 909 tuos
551 866 686 929 quoque
703 844 951 910 archidiaconos
968 854 1003 910 θῇ
1014 848 1219 930 praepositos

164 958 200 1014 et
221 950 438 1014 ecclesiarum
461 950 627 1034 praelatos
651 957 686 1014 et
708 949 843 1014 abbates
867 958 901 1014 θῇ
924 972 1038 1014 onmes
1061 951 1219 1014 villarum

164 1054 373 1140 presbyteros
390 1052 430 1116 dc
447 1061 520 1117 toto
537 1055 731 1138 episcopatu
755 1062 814 1118 tuo
837 1055 899 1118 hoc
923 1056 1033 1139 ipsum
1056 1056 1217 1140 juramen·

164 1170 238 1223 tum
260 1159 418 1222 distincte
442 1159 551 1243 jurare
576 1157 677 1222 facias
701 1167 735 1222 ct
757 1160 793 1221 in
817 1159 951 1243 publica
975 1143 1089 1223 eorum
1109 1160 1218 1235 missa,

164 1264 253 1327 sicut
268 1263 415 1328 edictum
432 1270 484 1326 est
499 1270 534 1326 θῇ
549 1264 716 1327 sancitum
740 1285 759 1327 a
782 1263 876 1327 nobis
901 1271 936 1327 et
958 1286 977 1327 a
1001 1264 1217 1348 principibus,

164 1367 331 1452 publicam
348 1368 532 1431 orationem
548 1389 607 1451 pro
624 1367 759 1431 domino
776 1390 861 1452 papa
878 1367 1007 1431 Pascali
1021 1369 1219 1431 nominatim

164 1480 199 1536 et
214 1471 346 1536 assidue
364 1471 466 1536 facias
482 1472 624 1535 recitari.
671 1471 831 1536 Edictum
847 1494 981 1556 quoque
998 1480 1033 1536 θῇ
1051 1480 1219 1536 statutum

164 1584 225 1653 est,
250 1584 289 1640 ut
313 1576 393 1640 haec
421 1577 532 1639 omnia
559 1576 746 1661 juramenta
769 1576 857 1639 infra
879 1598 938 1640 sex
962 1576 1161 1640 ebdomadas
1185 1584 1221 1641 θῇ

165 1679 318 1744 omnibus
342 1680 581 1764 compleantur.
629 1678 780 1757 Quodsi
805 1681 926 1764 aliquis
950 1681 1147 1744 clericorum
1164 1681 1219 1744 vel

164 1785 336 1870 laycorum
367 1785 445 1848 huic
478 1783 723 1847 confirmationi
754 1792 789 1848 et
819 1783 928 1848 edicto
961 1792 1073 1847 nostro
1105 1785 1219 1867 aliquo

165 1888 264 1952 modo
279 1911 313 1953 se
330 1888 529 1973 opponendo
547 1888 800 1964 contradixerit,
817 1911 859 1953 ex
877 1890 981 1951 totius
1002 1888 1221 1972 Herbipolen·

165 1995 209 2057 sis
225 1994 359 2057 concilii
375 1993 509 2057 decreto
527 1993 710 2057 firmissime
728 1994 958 2077 praecipimus,
977 2001 1024 2067 ut,
1041 1993 1069 2055 si
1087 1993 1161 2075 quis
1177 1992 1220 2055 ad

166 2097 361 2161 mandatum
392 2099 444 2161 sui
476 2098 636 2161 antistitis
669 2106 728 2161 aut
758 2099 946 2182 provinciae
978 2095 1139 2181 praesidis
1164 2097 1220 2160 vel

166 2201 292 2265 domini
308 2203 361 2265 sui
377 2211 623 2267 sacramentum
641 2225 708 2265 non
727 2203 944 2286 praestiterit,
961 2201 988 2264 si
1013 2201 1152 2264 clericus
1175 2201 1221 2263 sit

166 2306 221 2370 vel
240 2308 433 2382 monachus,
451 2308 675 2371 ecclesiastico
699 2308 851 2391 privetur
875 2306 1018 2379 honore3
1041 2305 1070 2368 si
1093 2304 1220 2389 laycus

166 2409 289 2474 allodio
317 2419 351 2475 ct
378 2411 546 2484 beneficia,
575 2433 796 2495 quaecunque
828 2410 985 2495 possidet,
1013 2418 1127 2473 nostra
1157 2409 1220 2493 ipsi

166 2516 365 2579 auctoritate
382 2537 400 2578 a
416 2537 477 2578 sno
493 2515 604 2600 judice
622 2516 677 2579 vel
699 2515 834 2578 domino
858 2536 992 2598 prorsus
1016 2513 1219 2588 adimantur,

167 2627 201 2683 et
217 2627 289 2682 toto
307 2620 444 2703 imperio
461 2627 574 2682 nostro
591 2621 753 2703 ejiciatur.

211 2721 338 2786 Actum
359 2731 410 2787 est
434 2723 496 2787 hoc
524 2745 611 2786 anno
639 2723 680 2786 ab
706 2723 933 2786 incarnatione
960 2722 1088 2786 domini
1115 2721 1220 2784 nostri

167 2826 250 2890 Jesu
267 2825 393 2890 Christi
410 2826 495 2890 1165
511 2826 602 2910 apud
620 2827 819 2912 Wirzeburg
835 2827 865 2889 6.
883 2826 995 2889 Nonas
1013 2826 1034 2888 J
1037 2826 1117 2888 unii.

601 3048 737 3073 -ςομ-

396 3215 470 3275 'I'HE
498 3215 614 3277 Purus
642 3215 686 3276 OF
714 3215 850 3276 vamur
883 3217 997 3294 (1177).

170 3375 207 3435 [Ρ.
220 3376 303 3432 Kchr;
321 3377 404 3422 Neues
419 3377 512 3422 Archiv
528 3377 573 3422 dor
589 3378 758 3423 Gesellsrhalt
775 3379 817 3422 fiir
833 3378 912 3423 altere
928 3378 1048 3423 deutsche
1064 3378 1223 3423 Geschichts-

207 3451 301 3505 kunde,
311 3451 381 3496 Xlll.
391 3465 414 3508 p.
425 3453 479 3496 114:
494 3464 522 3497 as
537 3452 638 3509 printed
650 3453 675 3496 in
688 3452 809 3497 Altrnann
821 3452 870 3497 and
880 3452 1027 3508 Beruhehn;
1043 3450 1223 3506 Ansgcwiihlte

208 3523 369 3582 Urkundcn.]

214 3648 243 3712 1.
275 3649 440 3713 Dominus
468 3651 647 3735 imperator
676 3651 905 3734 F(ridericus)
935 3653 1023 3715 sicut
1050 3650 1223 3714 dominum

169 3774 288 3838 papam
319 3754 596 3836 A(lexandrum)
629 3757 662 3818 in
695 3756 898 3819 catholicum
929 3764 963 3820 θῇ
998 3755 1222 3818 universalem
