2768 4268
168 317 210 380 94
388 332 520 380 suasor
543 333 749 380 nnnmrvan
771 334 1000 382 nocunnnrs.

167 500 299 564 modam
316 501 596 584 tranquillitatem
613 509 647 565 et
661 523 787 586 pacem,
800 503 847 566 ita
864 502 955 586 quod
966 525 1026 587 per
1037 525 1114 567 eum
1127 505 1223 570 Deus
1295 553 1297 557 -

168 607 377 690 omnipotens
404 606 596 681 honoretur,
623 613 658 670 et
685 607 846 670 aecclesia
871 591 1021 670 Romana
1048 609 1223 693 omnisque

167 710 347 773 christiana
359 709 491 793 relligio
504 720 638 794 gratum
653 709 798 772 Domino
811 711 953 794 accipiat
965 712 1221 775 incrementum.

168 814 217 878 Ut
232 822 344 877 autem
360 815 466 876 omnis
483 822 598 876 nostra
617 814 704 876 actio
728 815 860 897 plenius
884 815 1074 899 legentibus
1098 817 1224 880 cluces-

167 927 230 994 cat,
247 918 387 1004 dignum
407 916 577 992 duximus,
594 924 634 980 ut
649 919 799 981 omnium
815 926 968 982 nostrum
985 941 1167 983 consensus
1187 927 1223 984 et

166 1025 301 1086 nomina
318 1021 576 1086 subscribantur.

210 1128 283 1214 Ego
313 1127 515 1211 Peregrinus
546 1126 787 1212 Aquilegensis
815 1127 1003 1211 patriarcha
1030 1150 1107 1192 curn
1138 1130 1222 1194 meis

166 1230 386 1318 suffraganeis
403 1229 542 1294 interfui
558 1239 593 1294 et
605 1232 768 1294 consensi.
804 1231 877 1317 Ego
891 1231 1062 1295 Arnaldus
1080 1232 1223 1317 Magun·

166 1337 258 1400 tinus
289 1335 556 1419 archiepiscopus
588 1357 663 1398 cum
697 1334 738 1397 14
768 1334 987 1419 suffraganeis
1014 1335 1156 1399 interfui
1187 1344 1224 1401 et

165 1442 327 1505 consensi.
364 1440 436 1526 Ego
450 1439 643 1502 Hartwicus
657 1439 846 1503 Bremensis
859 1439 1127 1524 archiepiscopus
1144 1462 1222 1504 cum

164 1544 386 1630 suffraganeis
409 1545 490 1608 meis
521 1543 661 1607 interfui
691 1552 726 1606 et
756 1544 918 1607 consensi.
965 1543 1038 1629 Ego
1063 1543 1220 1610 Hellinus

166 1649 381 1713 Trevcrensis
404 1647 670 1732 archiepiscopus
693 1669 770 1711 cum
798 1648 879 1711 meis
901 1646 1123 1734 suffraganeis
1147 1671 1220 1712 con-

80 1741 87 1756 ⁸
164 1755 260 1817 sensi.
318 1753 391 1839 Ego
414 1751 597 1816 lteinaldus
622 1751 830 1816 Coloniensis
854 1752 1120 1836 archiepiscopus
1144 1775 1220 1817 cum

164 1860 246 1921 meis
261 1856 481 1942 suffraganeis
504 1857 666 1920 consensi.
725 1856 798 1942 Ego
814 1856 1060 1920 Wichmannus
1084 1856 1220 1943 Magdo-

164 1963 338 2047 burgensis
351 1962 618 2045 archiepiscopus
631 1982 708 2024 cum
730 1962 811 2024 meis
823 1959 1044 2047 suffragancis
1057 1964 1220 2026 consensi.

166 2068 363 2129 Bizuntinus
390 2065 657 2148 archiepiscopus
688 2086 747 2148 per
780 2066 930 2149 legatum
961 2073 995 2129 ct
1028 2067 1219 2151 episcopum

164 2171 382 2234 Basiliensem
400 2170 576 2232 consensit.
632 2170 839 2233 Arelatensis
856 2169 1123 2253 archiepiscopus
1145 2191 1221 2234 con-

163 2276 276 2339 sensit.
332 2272 569 2358 Lugdunensis
600 2273 868 2356 archiepiscopus
899 2295 975 2336 cum
1006 2274 1075 2336 suis
1104 2272 1220 2338 suffra-

163 2379 277 2463 ganeis
305 2377 483 2441 consensit.
530 2375 733 2439 Viennensis
757 2375 1025 2462 archiepiscopus
1050 2399 1127 2441 cum
1149 2378 1219 2442 suis

163 2481 383 2566 suffraganeis
410 2481 588 2544 consensit.
647 2479 826 2543 Heinricus
858 2502 916 2543 rex
943 2480 1135 2567 Anglorum
1161 2503 1220 2566 per

163 2588 291 2672 legatos
308 2593 341 2649 et
358 2586 486 2648 litteras
503 2606 579 2648 suas
599 2585 776 2647 consensit.
824 2585 897 2648 Rex
922 2585 1137 2671 Ungarorum
1160 2608 1219 2670 per
1283 2627 1286 2632 -

163 2692 293 2754 litteras
310 2697 344 2753 ot
360 2690 488 2774 legatos
505 2710 582 2751 suos
600 2689 777 2751 consensit.
825 2688 898 2752 Rex
923 2689 1123 2752 Boemorum
1146 2711 1219 2753 con-

163 2796 277 2858 sensit.
331 2794 404 2856 Rex
430 2793 603 2854 Danorum
628 2794 807 2856 consensit.
863 2791 983 2855 Gwido
1008 2794 1135 2856 electus
1159 2794 1221 2857 Ra-

164 2899 378 2963 vennatensis
403 2898 579 2961 consensit.
638 2897 823 2980 Episcopus
848 2897 1016 2960 Firminus
1040 2899 1218 2961 consensit.

165 3005 348 3088 Episcopus
366 3001 566 3066 Ferentinns
583 3002 760 3065 consensit.
817 3001 1024 3063 Mantuanus
1041 3002 1218 3065 consensit.

165 3108 394 3193 l'ergamensis
408 3106 585 3170 consensit.
616 3105 847 3189 Pergamensis
861 3106 1038 3168 consensit.
1066 3105 1220 3169 Faventi-

163 3235 226 3274 nus
243 3212 422 3276 consensit.
470 3210 642 3273 Abbatum
659 3231 738 3272 vero
762 3209 1114 3292 archipresbiterorum
1137 3209 1220 3271 mul-

163 3316 275 3379 titudo
299 3314 549 3377 innumerabilis
581 3314 765 3377 multorum
793 3335 971 3398 regnorum
999 3312 1154 3375 interfuit
1185 3320 1220 3377 ct

162 3421 340 3484 consensit.
388 3417 685 3503 Longobardornm
709 3417 939 3480 inestimabilis
964 3416 1148 3479 multitudo
1172 3417 1220 3478 in·

163 3523 281 3588 terfuit
304 3532 338 3587 et
362 3524 539 3587 consensit.
601 3522 761 3585 Universi
788 3519 856 3584 fere
885 3521 1049 3604 principes
1078 3521 1219 3583 Romani

161 3630 302 3713 imperii,
320 3636 388 3691 tam
405 3627 584 3690 Teutonici
597 3648 698 3709 quam
715 3625 835 3697 Italici,
860 3632 928 3687 tam
945 3625 980 3685 in
1004 3623 1094 3688 Urbe
1117 3645 1217 3707 quam

162 3742 256 3797 extra
288 3732 423 3806 Urbem,
455 3730 683 3793 interfuerunt
713 3737 748 3792 et
778 3750 949 3792 assensum
980 3749 1056 3790 cum
1088 3727 1219 3812 ingenti

162 3837 326 3902 desiderio
344 3835 558 3920 prebuerunt.
