2768 4268
353 350 489 398 aaaron
512 351 558 397 or
579 351 655 398 ran
677 350 801 398 saxon
823 348 1028 397 auruncus.
1180 328 1221 392 25

163 519 259 584 beato
277 518 378 583 Petro
395 519 547 602 apostolo
562 540 621 604 per
637 518 827 582 donationis
844 519 1006 602 scripturn
1023 539 1219 583 concessum

163 631 215 688 est
230 622 293 687 sub
313 624 510 708 integritati.
556 623 644 688 Item
659 624 696 685 in
711 623 863 707 partibus
887 623 1008 686 Tuscie
1032 621 1220 706 Langobar-

163 726 283 790 dorum
307 727 484 790 castellum
507 726 704 802 Felicitatis,
729 727 854 791 Urbem
879 737 1036 798 veterem,
1054 726 1219 789 Balneum

163 832 260 917 regis,
277 831 424 907 Ferenti,
441 831 630 907 Viterbum,
655 830 810 907 Orabam,
835 830 993 906 Marcam,
1019 831 1217 903 Tuscanaur‚

164 934 319 1010 Suanam,
340 935 573 1020 Popolonium,
597 936 747 1000 Roselles
772 957 850 999 cum
872 936 935 1000 sub
957 935 1092 998 urbanis
1115 942 1217 1018 atque

163 1040 284 1102 viculis
311 1039 464 1104 omnibus
487 1047 523 1103 et
545 1041 720 1104 territoriis
747 1061 784 1103 ac
812 1040 997 1116 maritimis,
1021 1039 1152 1124 oppidis
1179 1059 1217 1101 ac

163 1144 284 1207 viculis
314 1165 375 1208 seu
404 1143 525 1208 finibus
557 1144 722 1208 omnibus.
768 1144 921 1228 Itemque
953 1166 972 1207 a
1004 1143 1108 1206 Lunis
1140 1165 1218 1206 curn

163 1247 273 1311 insula
289 1246 433 1324 Corsica,
450 1248 570 1313 deinde
586 1249 622 1312 in
639 1247 790 1323 Suriano,
807 1248 928 1313 deinde
951 1249 987 1310 in
1011 1255 1122 1311 monte
1140 1248 1218 1310 Bar-

163 1351 269 1428 donis,
294 1351 413 1416 deinde
437 1354 473 1415 in
497 1353 649 1429 Berceto‚
674 1352 796 1416 exinde
808 1354 855 1443 ,in
880 1352 1011 1427 Parma,
1036 1351 1155 1416 deinde
1182 1352 1218 1414 in

163 1456 280 1541 Regia,
297 1456 419 1520 exinde
443 1457 478 1519 in
503 1457 770 1540 Mantua-atque
793 1457 830 1519 in
852 1458 958 1520 monti
983 1456 1093 1519 Silicis
1116 1464 1217 1538 atque

163 1561 334 1644 provincia
349 1561 570 1624 Venetiarum
594 1569 629 1624 et
652 1561 751 1624 Istria
773 1582 834 1624 nec
852 1583 918 1624 non
934 1569 968 1624 et
985 1568 1144 1624 cunctum
1161 1559 1220 1622 du-

164 1671 277 1726 catum
293 1662 504 1747 Spolitanum
519 1685 580 1728 seu
595 1664 873 1728 Beneventanum
897 1685 964 1726 una
987 1685 1064 1727 cunr
1080 1663 1219 1727 ecclesia

163 1775 277 1831 sancte
291 1766 436 1832 Cristine
449 1769 558 1852 posita
569 1789 671 1853 prope
689 1767 827 1852 Papiam
842 1770 939 1852 juxta
955 1767 1086 1831 Padum
1099 1776 1218 1852 quarto

163 1870 316 1934 miliario.
357 1870 443 1935 Item
452 1873 486 1934 in
498 1871 647 1956 partibus
658 1871 837 1957 Campanie
849 1871 975 1947 Soram,
991 1872 1105 1946 Aroes,
1116 1871 1220 1956 Aqui-

163 1996 256 2051 num,
274 1975 450 2050 Arbinum,
464 1975 626 2052 Teanum,
644 1984 678 2040 et
695 1975 855 2061 Capuam.
895 1975 1047 2040 Necnon
1071 1982 1105 2039 et
1119 1977 1219 2060 patri-

163 2080 274 2143 monia
297 2079 340 2143 ad
362 2086 566 2164 potestatem
589 2087 624 2144 et
646 2079 809 2144 ditionem
833 2089 980 2145 vestram
1006 2080 1218 2164 pertinentia,

162 2184 251 2247 sicut
273 2194 325 2248 est
346 2185 587 2269 patrimonium
611 2185 888 2249 Beneventanum
915 2192 950 2249 et
979 2185 1218 2269 patrimonium

163 2286 424 2372 Neapolitanum
447 2297 549 2373 atque
578 2289 777 2374 patrimonia
806 2289 957 2353 Calabria
981 2289 1161 2373 superioris
1184 2295 1220 2352 et

161 2390 432 2457 inferioris—de
449 2394 587 2473 civitate
604 2401 717 2457 autern
740 2392 961 2478 Neapolitana
977 2415 1054 2457 cum
1069 2393 1217 2457 castellis

162 2502 197 2559 et
212 2497 387 2560 territoriis
404 2518 441 2560 ao
461 2496 584 2560 finibus
600 2505 635 2561 et
656 2498 776 2561 insulis
792 2499 861 2561 suis
877 2498 940 2561 sibi
962 2496 1218 2581 pertinentibus

162 2601 263 2662 sicuti
285 2599 328 2663 ad
351 2599 484 2664 easdem
507 2601 653 2685 aspicere
669 2601 951 2666 videntur—nec
974 2622 1041 2663 non
1065 2602 1220 2684 patrimo

163 2703 257 2766 nium
284 2702 395 2779 Sicile,
420 2702 448 2767 si
475 2703 557 2768 deus
584 2707 706 2769 nostris
733 2705 821 2768 illud
851 2704 1026 2769 tradiderit
1056 2704 1218 2768 manibus.

164 2804 272 2868 Simili
289 2806 386 2870 modo
403 2808 574 2871 civitatem
591 2807 747 2872 Gaietam
758 2816 793 2873 et
809 2809 956 2872 Fundim
973 2830 1048 2872 cum
1067 2807 1218 2872 omnibus

163 2930 277 2974 earum
300 2911 523 2994 pertinentiis.
569 2911 710 2996 Insuper
726 2911 897 2977 offerimus
921 2912 982 2976 tibi
1000 2912 1094 2976 beate
1119 2912 1218 2976 Petre

163 3013 312 3097 apostole
329 3015 520 3099 vicarioque
543 3023 603 3079 tuo
627 3015 750 3079 domno
773 3017 794 3079 J
797 3016 920 3080 ohanni
943 3037 1027 3100 pape
1044 3025 1079 3080 et
1093 3038 1220 3080 succes·

163 3116 293 3180 soribus
316 3117 388 3202 ejus
412 3140 471 3202 pro
491 3126 603 3183 nostre
624 3121 733 3184 anime
750 3119 897 3184 remedio
913 3122 1085 3204 nostrique
1108 3120 1168 3182 filii
1185 3127 1220 3184 et

163 3227 354 3284 nostrorum
377 3230 555 3306 parentum
579 3222 620 3287 de
647 3225 780 3308 proprio
803 3232 917 3288 nostro
940 3246 1042 3309 regno
1065 3225 1219 3288 civitates

163 3331 197 3388 et
212 3324 334 3408 oppida
350 3347 427 3389 cum
445 3326 594 3410 piscariis
610 3328 688 3403 suis,
705 3327 808 3391 idest
828 3329 976 3404 Reatem,
994 3328 1218 3403 Amiternum,

165 3428 362 3506 Furconem,
380 3430 546 3505 Nursiam,
564 3431 704 3495 Baluam
727 3440 763 3497 et
786 3433 924 3498 Marsim
947 3440 982 3497 et
1004 3432 1083 3497 alibi
1106 3433 1220 3496 civita·

164 3541 231 3597 tem
271 3534 469 3599 Teramnem
507 3557 584 3599 cum
622 3538 834 3621 pertinentiis
865 3539 944 3602 suis.
1003 3537 1074 3600 Has
1105 3558 1219 3601 omnes

163 3639 403 3723 suprascriptas
426 3641 610 3724 provintias
633 3642 730 3707 urbes
747 3649 782 3706 ct
805 3643 958 3707 civitates
978 3641 1101 3726 oppida
1116 3648 1218 3725 atque

163 3742 301 3806 castella
316 3743 444 3807 viculos
461 3765 499 3808 ac
518 3745 686 3809 territoria
701 3747 870 3830 simulque
887 3754 922 3810 et
944 3745 1144 3831 patrimonia
1159 3766 1219 3829 pro
