2768 4268
166 310 230 373 160
596 324 795 370 nrrnnnrx.

166 493 195 545 iu
216 493 279 546 aliis
299 492 489 557 comitatibus
510 491 634 560 exceptis
655 492 730 556 locis,
751 509 823 561 quac
845 492 1044 562 Pergamenses
1066 495 1152 549 modo
1174 513 1225 566 per

163 597 313 632 commune
326 584 424 632 tenent
437 580 511 631 inter
526 579 638 631 Adnam
652 585 680 630 et
693 579 808 643 Ollium,
819 584 848 631 et
860 584 977 648 excepto
992 581 1120 635 Romano
1133 585 1224 638 veteri

165 676 194 719 et
208 667 337 730 Bariauo,
351 672 379 719 et
392 683 463 728 earn,
478 683 563 734 quam
577 666 660 718 modo
678 672 818 730 exercent,
832 666 918 719 libere
937 671 966 720 et
984 668 1078 736 quiete
1096 669 1222 724 habeant

163 759 194 806 et
206 754 368 822 possideant
381 754 440 806 sine
454 753 676 806 contradictione
689 758 786 806 nostra
799 759 827 806 et
839 771 1030 807 successorum
1042 761 1221 811 nostrorum:

163 841 250 894 salvis
268 841 358 909 pactis
376 845 404 892 et
423 840 497 893 datis
516 844 544 892 et
563 841 788 894 concessionibus
807 842 837 893 in
856 859 906 894 suo
924 841 1023 896 robore
1042 844 1222 911 durantibus,

163 946 236 996 quac
258 945 307 996 per
328 945 475 981 commune
497 928 723 981 Mediolanenses
745 929 873 981 fecerunt
893 929 1058 983 civitatibus
1082 931 1220 1001 Pergami,

166 1015 314 1078 Novariae,
328 1015 427 1079 Laudi,
441 1033 491 1068 nec
504 1021 618 1084 propter
630 1015 702 1068 hanc
715 1015 922 1069 concessionem
936 1017 1088 1070 laedendis.

200 1104 242 1156 27.
268 1102 327 1155 Nec
341 1104 429 1155 ullum
448 1103 653 1172 praejudicium
672 1104 722 1155 fiat
740 1103 796 1173 juri
816 1108 865 1156 aut
883 1104 1080 1157 consuetudini
1099 1105 1220 1175 alicujus

162 1190 288 1242 civitatis
302 1190 451 1247 societatis,
466 1208 516 1242 nec
529 1191 643 1258 aliquod
662 1192 707 1260 jus
721 1191 882 1259 acquiratur
901 1191 931 1243 in
950 1191 1153 1244 detrimentum
1173 1194 1222 1246 ali-

162 1280 245 1347 cujus
258 1277 381 1330 civitatis
394 1278 536 1330 societatis
549 1283 662 1346 propter
674 1279 865 1331 concessiones
877 1279 1042 1347 praedictas.

200 1366 242 1416 ⁶28.
268 1365 354 1418 Pacta
367 1365 440 1417 iuter
450 1365 577 1418 civitates
588 1366 731 1433 quondam
741 1366 818 1418 lacta
829 1365 1012 1420 nihilominus
1024 1366 1108 1420 firma
1116 1371 1145 1419 et
1157 1372 1221 1421 rata

164 1457 355 1521 permaneant.

200 1542 243 1593 ⁶29.
272 1541 330 1593 Nec
344 1540 450 1609 aliquid
464 1540 640 1610 intelligatur
654 1541 822 1610 acquisitum
836 1541 1097 1595 Mediolanensibus
1109 1541 1140 1594 in
1150 1543 1222 1611 epis-

162 1632 266 1696 copatu
280 1628 421 1680 Laudensi
433 1632 547 1696 propter
559 1628 716 1697 praedictas
729 1629 928 1693 concessiones
942 1630 1019 1682 salvo
1035 1630 1098 1699 jure
1111 1629 1221 1682 Medio·

164 1715 327 1768 lanensibns
340 1733 428 1784 aquae
442 1714 567 1776 Lambri,
583 1715 694 1783 siquod
708 1715 822 1779 babent,
835 1721 863 1768 et
877 1716 906 1768 in
919 1716 1046 1785 pedagio

200 1806 243 1855 30.
271 1805 375 1855 Omnes
389 1803 423 1855 de
436 1803 578 1866 societate,
592 1803 641 1870 qui
654 1803 820 1855 fidelitatem
834 1803 916 1856 nobis
928 1803 1074 1873 jurabunt,
1087 1804 1117 1856 in
1131 1820 1221 1858 sacra·

164 1895 260 1943 mento
279 1890 425 1943 fidelitatis
442 1890 582 1959 adjicient,
599 1890 674 1958 quod
693 1891 879 1959 possessiones
898 1896 927 1944 et
945 1893 1016 1960 jura,
1033 1908 1104 1960 quae
1120 1908 1172 1944 nos
1188 1891 1219 1944 in

165 1977 337 2030 Lombnrdia
349 1978 485 2030 habemus
498 1983 526 2029 et
539 1978 713 2046 possidemus
726 1983 806 2030 extra
823 1979 994 2042 societatem,
1008 1978 1148 2047 juvabunt
1166 1996 1219 2032 nos

164 2064 306 2116 bonafide
320 2069 510 2127 manutenere,
526 2064 549 2116 si
569 2083 638 2133 opus
657 2065 744 2118 suerit
763 2071 791 2117 et
810 2084 874 2118 cnm
888 2083 971 2134 super
984 2065 1036 2118 hoc
1049 2083 1097 2134 per
1110 2083 1161 2118 nos
1173 2066 1219 2118 vel

164 2169 214 2220 per
232 2157 340 2203 certum
358 2152 490 2204 nuntium
510 2157 637 2204 nostrum
656 2153 783 2220 requisiti
802 2153 917 2217 fuerint,
935 2157 971 2216 et,
991 2153 1014 2205 si
1034 2152 1219 2218 amiserimus,

165 2255 342 2306 recuperare:
369 2239 410 2291 ita
431 2239 568 2303 videlieet,
592 2240 667 2308 quod
689 2240 826 2291 finitimae
849 2240 977 2292 civitates
999 2239 1139 2293 obnoxiae
1160 2240 1220 2294 sint

164 2326 359 2394 principaliter
372 2327 407 2378 ad
421 2327 472 2378 lroc
486 2327 646 2378 laciendum
660 2331 696 2390 et,
707 2326 729 2378 si
744 2344 813 2395 opus
826 2327 920 2391 luerit,
935 2328 1005 2380 aliae
1018 2331 1170 2380 teneantur
1183 2327 1220 2380 ad

163 2419 325 2481 competens
339 2414 477 2466 auxilium
490 2414 698 2481 praestandum.

202 2502 243 2553 31.
270 2500 406 2553 Civitates
425 2501 459 2552 de
478 2500 617 2564 societate,
632 2518 703 2568 quae
722 2505 788 2553 sunt
803 2505 884 2554 extra
902 2501 1111 2565 Lombardiam,
1124 2501 1154 2554 in
1168 2519 1230 2555 suc·

163 2588 287 2642 confinio
301 2588 431 2640 similiter
444 2592 597 2640 teneantua
609 2588 709 2640 facere.

202 2678 245 2727 32.
273 2675 301 2727 Si
315 2693 370 2744 qua
382 2693 448 2728 vero
461 2676 608 2727 civitatum
621 2693 661 2739 ea,
676 2693 747 2744 quae
760 2676 788 2728 in
803 2677 988 2729 conventione
1001 2676 1078 2745 pacis
1091 2693 1126 2728 ex
1139 2680 1220 2745 parte

166 2769 263 2816 nostra
281 2768 388 2815 statuta
407 2768 482 2824 sunt,
497 2781 553 2815 non
567 2763 766 2825 observaverit,
781 2769 886 2815 ceterae
906 2763 1033 2815 civitates
1052 2781 1114 2815 earn
1133 2763 1169 2816 ad
1189 2764 1221 2816 id

164 2852 373 2904 observamlrun
386 2850 527 2903 bonafide
541 2851 716 2919 compellent,
730 2868 796 2919 pace
811 2850 1001 2902 nihilonrenus
1015 2851 1043 2902 in
1057 2867 1107 2902 suo
1120 2849 1222 2904 robore

166 2943 357 3006 permanente.

203 3029 246 3078 aa.
274 3026 363 3079 Nobis
377 3025 549 3078 intrantibus
566 3025 594 3076 in
609 3024 809 3077 Lombardiam
828 3023 941 3076 fodrum
961 3029 989 3076 et
1008 3029 1173 3077 consuetum
1192 3029 1223 3079 et

166 3118 268 3187 regale,
284 3117 332 3185 qni
351 3117 455 3168 debent
472 3119 499 3168 et
515 3115 605 3167 solent
618 3119 646 3165 et
659 3114 734 3181 quod
753 3113 844 3164 solent
863 3116 890 3162 et
910 3111 1021 3175 debent,
1035 3110 1222 3180 praestabunt

166 3211 195 3259 et
207 3207 267 3259 vias
280 3213 308 3259 et
321 3211 420 3275 pontes
432 3206 507 3259 bona
520 3204 575 3256 lide
588 3207 616 3255 et
629 3202 688 3254 sine
703 3200 802 3252 fraude
819 3204 847 3250 et
866 3198 1033 3251 sufficienter
1046 3198 1172 3249 reficient
1191 3198 1223 3251 in

166 3312 219 3346 erm
225 3295 259 3346 do
273 3297 300 3345 et
314 3295 466 3346 redeunde.
507 3293 661 3344 Mercatum
677 3288 814 3340 sufficiens
827 3286 910 3339 nobis
923 3291 951 3337 et
963 3286 1068 3338 nostris
1087 3284 1223 3339 euntibus

166 3386 195 3434 et
208 3382 391 3435 redeuntibus
404 3383 478 3436 bona
491 3384 546 3435 fide
558 3388 586 3436 et
599 3383 658 3435 sine
672 3382 771 3434 frande
783 3379 975 3449 praestabunt.

203 3470 247 3519 34.
273 3469 306 3520 Iu
321 3469 398 3521 omni
412 3470 519 3523 decimo
533 3487 607 3523 anno
625 3469 774 3522 fidelitates
793 3467 970 3521 renovabunt
989 3465 1018 3516 in
1037 3464 1092 3525 his,
1107 3463 1155 3531 qni
1174 3481 1223 3538 eas

167 3555 249 3608 nobis
263 3573 320 3608 non
333 3556 460 3620 fecerint,
474 3575 538 3609 cum
557 3575 607 3610 nos
626 3557 763 3626 petiemus
776 3557 820 3609 vel
838 3574 887 3625 per
899 3572 950 3607 nos
964 3554 1007 3605 vel
1026 3570 1075 3621 per
1089 3550 1222 3604 mintium

167 3648 304 3695 nostrum.

204 3731 245 3782 35.
272 3729 362 3798 Siqui
376 3733 503 3799 exparte
522 3733 618 3784 nostra
637 3731 671 3782 de
691 3729 748 3783 suis
767 3729 850 3800 justis
869 3728 1092 3798 possessionibus
1111 3725 1223 3794 expulsi
