2768 4268
191 334 232 398 76
409 351 542 398 SELECT
568 351 772 398 MEDIAEVAL
798 351 1026 399 DOCUMENTS.

190 519 329 604 regitur,
346 518 504 583 videlicet
527 520 709 583 auctoritas
730 541 823 584 sacra
845 520 1044 605 pontificum
1065 527 1100 584 et
1121 519 1247 606 regalis

189 630 346 706 potestas,
361 625 511 687 omnium
524 623 649 687 Christi
665 622 874 688 sacerdotum
888 623 1117 689 oboedientiae
1130 623 1247 688 devoti

190 726 276 790 colla
291 727 487 792 submittere
504 730 612 813 parati
627 750 749 805 sumas,
763 734 803 791 ut
817 729 962 812 propitia
974 727 1152 792 divinitate
1164 735 1247 793 tem-

189 830 325 915 poribus
349 833 456 895 nostri
477 833 685 917 principatus
701 831 840 896 verbum
856 832 921 895 Dei
937 831 1093 916 expedite
1110 854 1245 899 currere

189 957 269 998 nom
292 936 508 1020 prohibeatur
531 946 566 1000 et
588 946 742 1021 paternas
765 937 900 1022 regulas
927 958 965 1000 ac
994 936 1128 1001 decreta
1154 958 1247 1002 sanc·

190 1040 327 1103 tissimis
359 1040 489 1104 difinita
516 1041 665 1104 conciliis
695 1040 810 1104 nullus
838 1039 960 1104 audeat
986 1040 1111 1125 absque
1139 1062 1245 1126 penae

189 1144 352 1230 gravioris
378 1144 528 1208 vindicta
553 1145 697 1220 violare;
730 1146 890 1229 quatinus
921 1166 980 1230 per
1002 1143 1107 1208 studii
1137 1147 1246 1210 nostri

190 1248 385 1312 instantiam
404 1248 569 1312 catholica
591 1248 731 1313 ecclesia
753 1269 832 1313 suae
857 1249 1032 1334 dignitatis
1056 1250 1246 1336 privilegiis

190 1351 366 1417 decoratur
381 1360 416 1417 et
431 1353 572 1417 Romani
587 1354 717 1436 imperii
733 1353 899 1416 celsitudo
916 1354 951 1415 in
967 1353 1149 1437 pristinum
1164 1375 1245 1420 suae

190 1457 419 1521 excellentiae.
466 1456 539 1521 Deo
555 1458 735 1541 adjuvante
751 1455 963 1521 reformetur.

233 1561 279 1625 Et
306 1563 465 1645 quoniam
491 1560 710 1626 beatitudinis
738 1568 868 1625 vestrae
897 1562 1044 1625 animum
1076 1561 1117 1626 de
1148 1562 1245 1628 obitu

190 1665 330 1749 predicti
347 1667 548 1730 serenissimi
564 1665 734 1750 principia,
750 1666 874 1729 scimus
898 1687 965 1728 non
989 1667 1155 1730 immerito
1173 1688 1246 1752 per·

190 1770 372 1846 turbatum,
385 1769 481 1834 vobis
497 1779 658 1853 tanquam
673 1770 762 1853 patri
777 1768 951 1832 karissimo
968 1776 1161 1834 constanter
1173 1791 1247 1855 pro·

189 1875 364 1949 mittimus,
386 1873 485 1958 quod,
510 1874 599 1937 sicut
621 1872 730 1937 eidem
752 1874 897 1959 glorioso
921 1872 1091 1956 quondam
1113 1875 1185 1959 regi
1208 1874 1245 1938 in

190 1979 284 2063 regni
314 1979 397 2042 solio
427 1978 656 2052 successimus,
687 1978 735 2041 ita
765 1976 999 2041 hereditariam
1030 1977 1245 2042 dilectionem

189 2089 258 2145 tam
281 2081 324 2145 ad
346 2089 492 2146 vestram
515 2103 688 2165 personam
711 2082 846 2144 omnino
869 2081 1047 2165 specialem
1069 2101 1171 2167 quam
1201 2081 1246 2146 ad

189 2193 418 2249 sacrosanctae
435 2186 550 2248 matris
568 2191 701 2249 nostrae
721 2185 891 2248 Romanae
915 2185 1094 2249 aecclesiae
1116 2207 1247 2270 promp

190 2292 351 2354 tissimam
368 2311 405 2353 ao
421 2289 670 2354 devotissimam
686 2288 916 2353 defensionem
931 2289 1158 2372 suscepimus3
1181 2290 1249 2355 hao

190 2395 318 2459 scilicet
334 2393 458 2457 ordinis
474 2395 613 2470 ratione,
626 2400 675 2468 ut,
693 2414 924 2477 quaecumque
948 2392 991 2455 ad
1013 2392 1246 2458 liberationem

190 2507 225 2562 et
247 2499 500 2562 honorationem
523 2499 725 2581 apostolieae
749 2497 836 2561 sedis
860 2497 1052 2561 intenderat
1066 2503 1102 2561 et
1116 2496 1247 2561 ordina-

191 2610 294 2678 verat,
311 2625 371 2667 nos
397 2609 590 2666 constanter
613 2601 770 2686 perficere
794 2600 999 2675 studeamus
1015 2601 1064 2664 ita
1082 2607 1130 2678 ut,
1146 2601 1250 2685 juxta

190 2707 323 2771 felicem
339 2706 383 2770 ad
403 2713 557 2770 sanctum
572 2706 682 2769 virum
704 2705 842 2767 Domini
861 2706 1123 2788 promissionem,
1138 2704 1247 2768 inimi-

191 2813 238 2876 cis
254 2812 375 2875 vestris
390 2811 518 2873 inimici
533 2810 637 2873 simus
654 2816 688 2873 et
703 2809 852 2872 odientes
868 2830 928 2872 vos
944 2808 1141 2894 affligamus.

235 2914 321 2979 Sane
337 2915 585 3000 prenominatos
601 2914 730 2998 legatos
746 2920 877 2976 nostros
895 2912 1097 2998 benignitati
1113 2919 1245 2979 vestrae

191 3027 320 3084 attente
338 3019 589 3093 committimus
605 3024 646 3081 ut
667 3038 723 3081 eos
746 3039 805 3102 pro
828 3023 962 3080 nostrae
986 3016 1175 3081 dilectionis
1198 3017 1248 3080 in-

191 3125 282 3188 tuitu
298 3124 441 3208 benigne
459 3124 609 3187 tractetis
629 3129 663 3186 et
682 3123 718 3185 in
737 3121 806 3184 suis
827 3120 1046 3205 petitionibus
1062 3122 1250 3185 clementer.

193 3227 400 3302 exaudiatis3
423 3228 539 3289 intime
563 3228 663 3290 etiam
679 3232 845 3310 rogantes
862 3231 901 3288 ut
917 3223 1077 3287 domnum
1092 3223 1248 3289 abbatem

193 3332 233 3396 de
251 3333 369 3407 Evam,
386 3331 481 3394 nobis
497 3338 565 3394 tarn
584 3331 619 3392 in
636 3329 759 3393 divinis
784 3350 886 3412 quam
910 3329 946 3391 in
968 3327 1124 3392 humanis
1146 3326 1246 3392 rebus

192 3436 426 3512 necessarium,
441 3433 586 3498 liberum
601 3433 696 3497 nobis
712 3434 903 3497 remittatis.
