2768 4268
181 280 244 343 104
401 297 534 344 000000
557 296 763 342 mannevile
785 297 1014 344 0000000000.

226 465 276 528 25.
309 466 354 529 Ε1
370 465 513 528 dominis
537 487 622 549 papa
644 465 758 529 statim
781 464 945 529 advocato
969 466 1110 529 concilio
1135 467 1237 550 quale

180 569 292 634 subito
309 569 463 632 advocari
478 571 604 653 poterit
619 591 696 632 cum
715 568 940 632 cardinalibus
963 570 1126 653 episcopis
1149 571 1238 634 aliis·

182 695 247 756 que
263 673 429 758 religiosis
445 674 525 736 viris
542 673 602 756 qni
617 672 834 736 interfuerint
850 674 1237 737 excommunicationem

181 784 310 840 statuet
321 778 356 839 in
367 798 479 840 omnes
493 777 552 860 qni
564 776 649 839 hanc
661 797 778 860 pacem
790 776 972 862 infringere
986 779 1236 861 temptaverint.

182 880 312 944 Deinde
329 881 364 942 in
380 881 526 966 generali
543 881 685 944 concilio
701 880 791 943 idern
807 879 920 944 faciet.

227 984 277 1045 26.
310 983 429 1047 Plures
446 985 547 1047 etiarn
564 984 604 1047 de
626 983 791 1047 nobilibus
816 985 973 1048 Romanis
996 993 1030 1048 et
1054 987 1237 1069 capitaneis

184 1088 363 1172 Campanie
380 1088 465 1151 lianc
482 1088 622 1152 eandem
638 1110 753 1172 pacem
769 1090 956 1173 juramento
973 1089 1162 1153 firmabunt.

227 1191 279 1256 21.
311 1191 496 1276 Imperator
512 1215 591 1256 vero
608 1193 792 1275 predictam
814 1215 929 1278 pacem
952 1193 1089 1258 ecclesie
1113 1201 1148 1257 et
1169 1194 1236 1278 jam

183 1295 308 1360 dictam
338 1319 455 1380 pacem
482 1297 551 1359 XV
577 1318 741 1359 annorum
768 1297 908 1360 illustris
939 1299 1027 1382 regis
1059 1295 1239 1362 Sicilie‘et

183 1409 363 1483 trenquam
379 1400 643 1464 bombardorum
659 1423 677 1464 a
693 1402 853 1485 proximis
869 1401 1000 1465 seilicet
1012 1401 1087 1463 Kal.
1101 1403 1237 1487 augusti

183 1526 289 1587 usque
306 1505 349 1567 ad
366 1505 417 1567 Vl
433 1526 538 1568 annos
555 1505 698 1568 firmabit
712 1506 899 1590 juramento
916 1527 976 1568 suo
992 1512 1027 1568 et
1047 1506 1238 1589 principum

184 1615 218 1672 01
242 1609 343 1673 faciet
371 1608 573 1672 Lonibardos
602 1611 660 1694 qui
688 1632 729 1673 ex
757 1618 850 1693 parte
876 1631 937 1672 sua
963 1616 1054 1685 sunt,
1082 1611 1171 1673 sicut
1201 1611 1237 1673 in

184 1715 355 1776 communi
386 1716 509 1798 scripto
536 1723 678 1798 treuque
704 1714 904 1798 dispositum
928 1721 961 1777 01
986 1714 1145 1797 scriptum
1175 1723 1238 1790 est,

184 1818 299 1882 eadem
316 1826 493 1902 treuqnam
509 1820 641 1882 firmari.
681 1817 715 1881 Si
731 1841 809 1882 vero
825 1818 948 1902 aliquis
964 1817 1070 1882 inerit
1085 1840 1126 1882 ex
1142 1827 1238 1902 parte

184 1924 404 2005 imperatoris,
422 1925 481 2007 qui
496 1924 680 2007 predictam
696 1931 874 2006 trenquam
896 1923 1005 2006 jurare
1021 1924 1237 1998 recusaverit,

184 2028 366 2110 imperator
381 2029 543 2112 precipiet
558 2028 722 2090 universis
739 2028 797 2110 qui
814 2034 965 2110 exparte
989 2047 1050 2090 sua
1073 2035 1153 2090 sunt
1175 2027 1240 2090 sub

186 2130 298 2195 debito
322 2131 493 2195 fidelitatis
522 2139 556 2194 01
578 2133 684 2218 gratie
712 2153 781 2207 sue,
804 2138 845 2194 ut
871 2130 1004 2192 nullum
1031 2137 1182 2214 prestent
1207 2132 1238 2194 ei

185 2236 349 2298 auxilium
367 2245 401 2300 et
417 2235 606 2300 volentibus
624 2257 702 2298 eum
718 2234 886 2298 offendere
905 2235 941 2297 in
962 2235 1056 2296 nullo
1073 2234 1240 2319 obsistant

185 2340 241 2403 vel
257 2339 497 2415 contradicant,
511 2347 546 2403 et
561 2341 589 2403 si
606 2341 681 2423 quis
698 2338 883 2414 offenderit,
897 2360 964 2401 non
981 2346 1136 2402 teneatur
1148 2337 1238 2403 inde.

186 2443 385 2507 Mandatum
402 2453 514 2508 autem
530 2443 622 2507 istud
645 2465 712 2506 non
735 2443 907 2507 revocabit
925 2443 1079 2505 dominus
1103 2443 1241 2526 impera-

186 2556 252 2622 tor,
269 2548 374 2612 donee
391 2555 533 2631 trenqua
553 2547 695 2611 durabit.
742 2547 787 2611 Et
810 2548 963 2610 dominus
988 2547 1156 2610 Henrieus
1179 2569 1238 2611 rex

186 2652 275 2715 filius
292 2653 363 2737 ejus
380 2652 528 2736 predicta
544 2652 696 2727 firmabit,
713 2653 802 2715 sicut
818 2653 942 2735 scripto
959 2651 1158 2736 dispositum
1177 2659 1239 2715 est.

187 2756 353 2820 Dominus
377 2758 477 2820 etiam
501 2758 679 2841 imperator
697 2755 883 2840 predictam
906 2777 1021 2840 pacem
1044 2755 1181 2819 ecclesie
1205 2764 1241 2819 01

185 2860 328 2924 illustris
351 2863 438 2946 regis
463 2860 575 2924 Sicilie
598 2882 706 2944 usqne
730 2860 772 2922 ad
796 2861 865 2923 XV
881 2882 985 2922 00000
1007 2868 1042 2923 01
1061 2869 1240 2942 trenquam

187 2964 461 3028 Lombardorurn-
475 2965 696 3028 corroborabit
718 2965 843 3048 scripto
866 2986 926 3027 suo
950 2985 1027 3027 cum
1050 2962 1241 3046 subscripti·
1301 2953 1303 2957 ¹

186 3091 248 3132 one
265 3091 325 3132 sua
342 3077 376 3133 et
391 3071 589 3153 principum.

232 3173 282 3236 28.
315 3172 350 3236 Si
375 3195 462 3249 vero,
483 3173 575 3256 qnod
599 3172 693 3247 absit,
719 3172 873 3235 dominus
897 3194 982 3256 papa
1005 3172 1238 3255 premoriatur‚

187 3276 342 3341 dominns
358 3279 540 3362 imperator
555 3285 590 3341 et
606 3277 760 3340 dominus
785 3276 966 3339 Heinricus
986 3298 1045 3339 rex
1061 3276 1150 3340 filius
1167 3276 1240 3360 ejus

187 3390 221 3445 et
237 3384 401 3466 principes
417 3383 502 3445 hanc
519 3381 660 3444 formam
675 3382 765 3465 pacis
782 3389 816 3444 et
832 3381 1081 3463 compositionis
1100 3380 1241 3443 firmiter

187 3487 411 3550 observabunt
426 3486 672 3550 successoribus
688 3487 757 3548 suis
775 3492 809 3548 et
823 3485 988 3548 universis
1013 3483 1240 3548 cardinalibus
1267 3529 1269 3534 -

186 3598 221 3654 01
237 3592 299 3654 1011
322 3592 469 3654 Romane
490 3592 626 3654 ecclesie
650 3597 684 3653 01
706 3590 831 3652 illustri
856 3590 925 3673 regi
950 3588 1062 3652 Sicilie
1087 3597 1120 3651 et
1144 3587 1241 3651 Lom-

186 3694 296 3758 bardis
324 3704 358 3758 et
383 3695 502 3758 ceteris
527 3696 585 3778 qui
611 3715 724 3757 secum
749 3693 909 3756 sentiunt.
956 3691 1127 3767 Similiter,
1148 3690 1241 3775 quod
1269 3757 1272 3762 ,
