2768 4268
190 286 253 349 114
410 298 543 346 sanncr
567 297 774 345 nunrmvan
796 297 1025 346 nocuimurs

189 470 318 535 duobus
340 468 505 532 similibus
531 467 770 551 capitularibus
799 474 850 532 est
877 489 1073 552 expressum
1104 490 1251 553 quorum

189 595 295 637 unum
312 595 413 658 penes
430 594 488 635 uos
506 583 616 635 vestro
639 571 750 656 sigillo
775 591 875 635 aureo
901 573 1072 635 munitum
1096 573 1252 652 habetur,

189 679 329 742 firmiter
344 679 577 762 promittentes
599 674 691 759 quod
715 675 794 759 quia
818 697 952 760 presens
978 679 1126 760 presenti
1150 677 1254 744 debet

189 783 375 845 hominium
391 781 557 856 exhibere,
575 778 856 864 quandocumque
875 803 933 844 vos
958 789 1018 844 aut
1041 803 1252 849 successores

189 889 293 951 vestri
309 910 369 949 nos
385 888 420 948 in
440 888 587 970 aliquam
609 894 737 968 partem
761 886 857 970 regni
882 906 983 969 quam
1008 908 1124 952 secure
1148 889 1253 972 possi-

188 1013 262 1054 mus
278 991 369 1054 adiro
386 990 429 1054 ad
444 998 588 1055 vestram
604 991 804 1075 presentiam
822 992 1032 1067 vocaveritis,
1050 990 1251 1057 accedemus

189 1097 309 1181 ligium
326 1096 519 1181 homagium
536 1096 717 1178 prestituri,
735 1095 798 1156 uisi
816 1102 945 1157 certum
969 1094 1250 1179 impedimentum

189 1208 248 1262 aut
264 1198 402 1263 evidens
424 1200 603 1262 necessitas
627 1200 865 1274 intervenerit3
891 1199 1012 1283 quibus
1038 1200 1249 1264 cessantibus

188 1305 361 1367 veniemus
379 1305 450 1366 sine
474 1303 591 1366 fraude
615 1303 658 1366 ad
681 1304 800 1388 ligium
824 1303 1018 1389 homagium
1042 1302 1247 1368 faciendum.

190 1407 335 1470 Consum
363 1429 442 1470 vero
468 1415 703 1471 sexcentorum
727 1407 950 1492 squifatorum
984 1407 1025 1471 de
1054 1408 1182 1492 Apulia
1212 1416 1249 1472 et

190 1512 353 1586 Calabria,
373 1511 696 1597 quadringentorum
722 1534 801 1575 vero
825 1511 865 1576 de
891 1512 1015 1575 Mareia
1032 1512 1087 1576 vel
1111 1513 1250 1595 equiva-

189 1617 259 1679 lens
276 1617 311 1678 iu
331 1638 412 1678 auro
429 1616 484 1679 vel
507 1623 646 1705 argento
670 1637 729 1678 nos
753 1625 788 1679 et
809 1614 947 1679 heredes
972 1617 1077 1679 nostri
1093 1615 1188 1680 vobis
1212 1624 1247 1680 et

188 1720 434 1783 successoribus
465 1721 585 1783 vestris
617 1721 713 1782 armis
744 1720 885 1805 singulis
917 1720 1156 1804 persolvemus,
1179 1721 1247 1784 nisi

189 1824 275 1886 forte
292 1823 431 1907 aliquod
446 1824 724 1908 impedimentum
740 1824 981 1898 intervenerit3
1007 1845 1074 1907 quo
1094 1831 1247 1888 cessante

189 1949 307 1991 census
324 1951 365 1990 ex
382 1930 515 2013 integro
531 1929 750 2011 persolvetur.
791 1928 983 1992 Electiones
1000 1935 1112 1992 autem
1130 1949 1248 1992 secun·

189 2032 269 2095 dum
287 2032 400 2095 Deum
415 2055 474 2116 per
490 2039 599 2094 totum
615 2053 758 2117 regnum
775 2033 936 2095 canonice
953 2031 1045 2106 fiant,
1063 2030 1104 2095 de
1121 2031 1248 2096 talibus

190 2136 327 2219 quidem
339 2137 487 2218 personis
504 2136 625 2219 quibus
642 2157 702 2198 nos
719 2143 753 2199 et
768 2135 907 2199 heredes
924 2136 1029 2199 nostri
1045 2135 1247 2219 requisitum

190 2261 208 2302 a
224 2239 319 2301 nobis
334 2240 470 2322 prebere
486 2239 665 2303 debeamus
683 2261 863 2303 assensum.
912 2239 985 2303 Hec
1003 2246 1116 2303 autem
1135 2240 1248 2302 omnia

189 2345 278 2406 sicut
296 2343 401 2419 nobis,
417 2345 476 2407 sic.
489 2344 588 2407 etiam
612 2343 790 2407 heredibus
813 2344 936 2407 nostris
962 2344 1021 2427 qui
1043 2344 1079 2405 in
1101 2364 1247 2427 regnum

190 2449 411 2512 successerint
426 2449 648 2523 concessistis,
665 2449 791 2532 quique
814 2449 903 2512 sicut
925 2469 986 2511 nos
1002 2446 1096 2511 vobis
1120 2454 1155 2511 et
1176 2467 1249 2518 sucf

191 2551 374 2615 cessoribus
390 2553 509 2616 vestris
526 2574 562 2615 ac
580 2552 729 2615 Ecolesie
748 2553 896 2615 Romane
916 2551 1113 2616 fidelitatem
1136 2549 1248 2615 facere

191 2678 298 2739 queve
315 2658 499 2740 prescripta
515 2663 595 2719 sunt
611 2656 755 2719 fideliter
771 2657 943 2720 voluerint
965 2655 1150 2719 observare.
1197 2653 1250 2718 Ut

191 2767 304 2823 autern
320 2783 385 2844 que
402 2782 502 2844 supra
519 2760 665 2822 diximus
682 2769 749 2823 tam
766 2768 877 2824 vestro
894 2782 995 2844 quam
1015 2779 1247 2824 successorum

193 2873 379 2928 vestrorum
402 2873 550 2948 tempore
575 2872 771 2948 perpetuam
795 2864 970 2939 obtineant
993 2863 1195 2938 firmitatem,
1213 2869 1251 2926 et

192 2990 252 3032 nec
269 2970 392 3032 nostris
408 2991 468 3033 nec
485 2968 646 3032 heredum
662 2977 853 3032 nostrorum
874 2966 1080 3052 temporibus
1104 2965 1249 3050 alicujus

192 3074 327 3136 valeant
340 3074 565 3157 presumtione
584 3072 719 3146 turbari,
733 3093 868 3156 presens
885 3072 1101 3156 privilegium
1113 3091 1173 3154 per
1183 3091 1250 3132 ma·

193 3199 255 3240 nus
270 3177 499 3240 Bonihominis
516 3176 557 3240 de
576 3176 697 3240 Gaieta
713 3177 835 3240 notarii
852 3183 886 3240 ct
902 3175 1010 3239 fidelis
1026 3174 1132 3238 nostri
1147 3172 1248 3237 scribi

194 3289 228 3344 et
239 3281 331 3344 bulla
344 3303 444 3345 aurea
460 3283 590 3366 typario
608 3288 720 3344 nostre
738 3281 920 3365 majestatis
934 3280 1093 3363 impressa
1105 3277 1252 3362 precepi-

194 3411 268 3452 mus
285 3389 494 3463 oommuniri,
511 3409 609 3464 anno,
625 3408 737 3450 mense
755 3393 790 3449 et
805 3385 988 3448 indictione
1005 3381 1211 3465 subscriptis.

238 3493 365 3557 Datum
392 3494 426 3555 in
451 3494 586 3557 civitate
612 3491 776 3565 Messana,
800 3510 888 3552 anno
912 3487 1076 3550 dominice
1099 3486 1253 3548 incarna-

195 3598 294 3662 tionis
312 3597 360 3660 M.
379 3596 447 3660 00.
466 3596 527 3671 XI,
544 3617 656 3660 mense
672 3593 841 3668 februarii,
858 3591 1041 3654 indictione
1060 3588 1140 3664 XV,
1153 3587 1250 3673 regni

199 3701 321 3787 [nostri
336 3700 442 3801 anpp]
463 3700 568 3797 XIV3
