<?xml version="1.0" encoding="UTF-8"?>
<!DOCTYPE html PUBLIC "-//W3C//DTD XHTML 1.0 Transitional//EN"
    "http://www.w3.org/TR/xhtml1/DTD/xhtml1-transitional.dtd">
<html xmlns="http://www.w3.org/1999/xhtml" xml:lang="en" lang="en">
 <head>
  <title>
</title>
<meta http-equiv="Content-Type" content="text/html;charset=utf-8" />
  <meta name='ocr-system' content='tesseract 3.04.00' />
  <meta name='ocr-capabilities' content='ocr_page ocr_carea ocr_par ocr_line ocrx_word'/>
</head>
<body>
  <div class='ocr_page' id='page_1' title='image "./selectmediaeval00mathgoog_0054.png"; bbox 0 0 2768 4268; ppageno 0'>
   <div class='ocr_carea' id='block_1_1' title="bbox 294 311 1219 378">
    <p class='ocr_par' dir='ltr' id='par_1_1' title="bbox 294 311 1219 378">
     <span class='ocr_line' id='line_1_1' title="bbox 294 311 1219 378; baseline -0.005 0"><span class='ocrx_word' id='word_1_1' title='bbox 294 331 429 378; x_wconf 81' lang='lat' dir='ltr'>ruarou</span> <span class='ocrx_word' id='word_1_2' title='bbox 453 330 499 377; x_wconf 83' lang='lat' dir='ltr'>or</span> <span class='ocrx_word' id='word_1_3' title='bbox 521 331 596 376; x_wconf 81' lang='lat' dir='ltr'>run</span> <span class='ocrx_word' id='word_1_4' title='bbox 619 329 862 376; x_wconf 75' lang='lat' dir='ltr'>rnnnconrau</span> <span class='ocrx_word' id='word_1_5' title='bbox 885 329 1089 376; x_wconf 80' lang='lat' dir='ltr'>nurnnons.</span> <span class='ocrx_word' id='word_1_6' title='bbox 1176 311 1219 374; x_wconf 79' lang='lat'>49</span> 
     </span>
    </p>
   </div>
   <div class='ocr_carea' id='block_1_2' title="bbox 265 529 1114 616">
    <p class='ocr_par' dir='ltr' id='par_1_2' title="bbox 265 529 1114 616">
     <span class='ocr_line' id='line_1_2' title="bbox 265 529 1114 616; baseline -0.002 -21"><span class='ocrx_word' id='word_1_7' title='bbox 265 535 307 616; x_wconf 87' lang='lat' dir='ltr'>b)</span> <span class='ocrx_word' id='word_1_8' title='bbox 337 532 583 614; x_wconf 73' lang='lat' dir='ltr'>Jusjuraadum</span> <span class='ocrx_word' id='word_1_9' title='bbox 598 531 739 595; x_wconf 79' lang='lat' dir='ltr'>Hearici</span> <span class='ocrx_word' id='word_1_10' title='bbox 754 532 840 614; x_wconf 68' lang='lat' dir='ltr'>repis</span> <span class='ocrx_word' id='word_1_11' title='bbox 861 529 1114 594; x_wconf 78' lang='lat' dir='ltr'>Teutonicorum.</span> 
     </span>
    </p>
   </div>
   <div class='ocr_carea' id='block_1_3' title="bbox 161 702 1222 2755">
    <p class='ocr_par' dir='ltr' id='par_1_3' title="bbox 161 702 1222 2660">
     <span class='ocr_line' id='line_1_3' title="bbox 208 702 1218 792; baseline -0.002 -24"><span class='ocrx_word' id='word_1_12' title='bbox 208 706 281 792; x_wconf 87' lang='lat' dir='ltr'>Ego</span> <span class='ocrx_word' id='word_1_13' title='bbox 307 703 474 767; x_wconf 91' lang='lat' dir='ltr'>Henricus</span> <span class='ocrx_word' id='word_1_14' title='bbox 499 726 558 768; x_wconf 83' lang='lat' dir='ltr'>rex</span> <span class='ocrx_word' id='word_1_15' title='bbox 584 702 625 767; x_wconf 91' lang='lat' dir='ltr'>de</span> <span class='ocrx_word' id='word_1_16' title='bbox 650 703 915 766; x_wconf 77' lang='lat' dir='ltr'><strong>murmuratione</strong></span> <span class='ocrx_word' id='word_1_17' title='bbox 936 710 978 766; x_wconf 82' lang='lat' dir='ltr'>&#39;et</span> <span class='ocrx_word' id='word_1_18' title='bbox 1003 702 1218 778; x_wconf 78' lang='lat' dir='ltr'><strong>dissensione,</strong></span> 
     </span>
     <span class='ocr_line' id='line_1_4' title="bbox 161 806 1218 894; baseline -0.003 -22"><span class='ocrx_word' id='word_1_19' title='bbox 161 831 266 894; x_wconf 90' lang='lat' dir='ltr'>quam</span> <span class='ocrx_word' id='word_1_20' title='bbox 289 829 379 871; x_wconf 90' lang='lat' dir='ltr'>nunc</span> <span class='ocrx_word' id='word_1_21' title='bbox 402 807 527 871; x_wconf 88' lang='lat' dir='ltr'>habent</span> <span class='ocrx_word' id='word_1_22' title='bbox 550 815 665 870; x_wconf 90' lang='lat' dir='ltr'>contra</span> <span class='ocrx_word' id='word_1_23' title='bbox 686 828 738 870; x_wconf 91' lang='lat' dir='ltr'>me</span> <span class='ocrx_word' id='word_1_24' title='bbox 759 806 997 889; x_wconf 90' lang='lat' dir='ltr'>archiepiscopi</span> <span class='ocrx_word' id='word_1_25' title='bbox 1013 812 1048 869; x_wconf 90' lang='lat' dir='ltr'>et</span> <span class='ocrx_word' id='word_1_26' title='bbox 1063 807 1218 890; x_wconf 80' lang='lat' dir='ltr'>episcopi,</span> 
     </span>
     <span class='ocr_line' id='line_1_5' title="bbox 162 909 1219 995; baseline -0.005 -18"><span class='ocrx_word' id='word_1_27' title='bbox 162 913 275 988; x_wconf 68' lang='lat' dir='ltr'>duces</span> <span class='ocrx_word' id='word_1_28' title='bbox 292 912 441 987; x_wconf 69' lang='lat' dir='ltr'>comites</span> <span class='ocrx_word' id='word_1_29' title='bbox 458 912 627 994; x_wconf 87' lang='lat' dir='ltr'>ceterique</span> <span class='ocrx_word' id='word_1_30' title='bbox 644 911 810 994; x_wconf 84' lang='lat' dir='ltr'>principes</span> <span class='ocrx_word' id='word_1_31' title='bbox 834 910 929 995; x_wconf 89' lang='lat' dir='ltr'>regni</span> <span class='ocrx_word' id='word_1_32' title='bbox 954 909 1219 973; x_wconf 90' lang='lat' dir='ltr'>Teutonicorum</span> 
     </span>
     <span class='ocr_line' id='line_1_6' title="bbox 163 1014 1218 1099; baseline -0.005 -18"><span class='ocrx_word' id='word_1_33' title='bbox 163 1025 198 1081; x_wconf 92' lang='lat' dir='ltr'>et</span> <span class='ocrx_word' id='word_1_34' title='bbox 216 1017 283 1091; x_wconf 82' lang='lat' dir='ltr'>alii,</span> <span class='ocrx_word' id='word_1_35' title='bbox 301 1017 359 1099; x_wconf 93' lang='lat' dir='ltr'>qui</span> <span class='ocrx_word' id='word_1_36' title='bbox 383 1016 496 1079; x_wconf 85' lang='lat' dir='ltr'>cosin</span> <span class='ocrx_word' id='word_1_37' title='bbox 520 1014 636 1079; x_wconf 91' lang='lat' dir='ltr'>eadem</span> <span class='ocrx_word' id='word_1_38' title='bbox 660 1014 874 1078; x_wconf 85' lang='lat' dir='ltr'>dissensionis</span> <span class='ocrx_word' id='word_1_39' title='bbox 899 1034 997 1077; x_wconf 90' lang='lat' dir='ltr'>causa</span> <span class='ocrx_word' id='word_1_40' title='bbox 1020 1022 1218 1098; x_wconf 87' lang='lat' dir='ltr'>sequuntur,</span> 
     </span>
     <span class='ocr_line' id='line_1_7' title="bbox 164 1117 1221 1204; baseline -0.004 -21"><span class='ocrx_word' id='word_1_41' title='bbox 164 1120 251 1183; x_wconf 85' lang='lat' dir='ltr'>infra</span> <span class='ocrx_word' id='word_1_42' title='bbox 279 1120 470 1194; x_wconf 88' lang='lat' dir='ltr'>terminum,</span> <span class='ocrx_word' id='word_1_43' title='bbox 494 1140 595 1203; x_wconf 92' lang='lat' dir='ltr'>quem</span> <span class='ocrx_word' id='word_1_44' title='bbox 619 1118 761 1182; x_wconf 89' lang='lat' dir='ltr'>domnus</span> <span class='ocrx_word' id='word_1_45' title='bbox 784 1139 870 1202; x_wconf 89' lang='lat' dir='ltr'>papa</span> <span class='ocrx_word' id='word_1_46' title='bbox 894 1117 1076 1204; x_wconf 86' lang='lat' dir='ltr'>Gregorius</span> <span class='ocrx_word' id='word_1_47' title='bbox 1100 1119 1221 1182; x_wconf 89' lang='lat' dir='ltr'>consti-</span> 
     </span>
     <span class='ocr_line' id='line_1_8' title="bbox 165 1221 1220 1308; baseline -0.003 -20"><span class='ocrx_word' id='word_1_48' title='bbox 165 1225 278 1299; x_wconf 88' lang='lat' dir='ltr'>tuerit,</span> <span class='ocrx_word' id='word_1_49' title='bbox 303 1232 362 1288; x_wconf 92' lang='lat' dir='ltr'>aut</span> <span class='ocrx_word' id='word_1_50' title='bbox 384 1225 549 1308; x_wconf 82' lang='lat' dir='ltr'>justitiam</span> <span class='ocrx_word' id='word_1_51' title='bbox 568 1221 756 1287; x_wconf 91' lang='lat' dir='ltr'>secundum</span> <span class='ocrx_word' id='word_1_52' title='bbox 779 1221 943 1306; x_wconf 86' lang='lat' dir='ltr'>judicium</span> <span class='ocrx_word' id='word_1_53' title='bbox 966 1223 1038 1305; x_wconf 86' lang='lat' dir='ltr'>ejus</span> <span class='ocrx_word' id='word_1_54' title='bbox 1062 1230 1122 1285; x_wconf 90' lang='lat' dir='ltr'>aut</span> <span class='ocrx_word' id='word_1_55' title='bbox 1146 1243 1220 1285; x_wconf 91' lang='lat' dir='ltr'>con-</span> 
     </span>
     <span class='ocr_line' id='line_1_9' title="bbox 161 1326 1220 1409; baseline -0.004 -17"><span class='ocrx_word' id='word_1_56' title='bbox 161 1329 310 1392; x_wconf 88' lang='lat' dir='ltr'>cordiam</span> <span class='ocrx_word' id='word_1_57' title='bbox 333 1328 518 1392; x_wconf 87' lang='lat' dir='ltr'>secundum</span> <span class='ocrx_word' id='word_1_58' title='bbox 546 1327 723 1391; x_wconf 88' lang='lat' dir='ltr'>consilium</span> <span class='ocrx_word' id='word_1_59' title='bbox 747 1327 818 1409; x_wconf 87' lang='lat' dir='ltr'>ejus</span> <span class='ocrx_word' id='word_1_60' title='bbox 842 1326 980 1401; x_wconf 81' lang='lat' dir='ltr'>facian13</span> <span class='ocrx_word' id='word_1_61' title='bbox 1004 1327 1067 1389; x_wconf 87' lang='lat' dir='ltr'>nisi</span> <span class='ocrx_word' id='word_1_62' title='bbox 1092 1334 1220 1390; x_wconf 85' lang='lat' dir='ltr'>certum</span> 
     </span>
     <span class='ocr_line' id='line_1_10' title="bbox 165 1430 1219 1516; baseline 0 -22"><span class='ocrx_word' id='word_1_63' title='bbox 165 1432 443 1516; x_wconf 84' lang='lat' dir='ltr'>impedimentum</span> <span class='ocrx_word' id='word_1_64' title='bbox 467 1431 549 1494; x_wconf 89' lang='lat' dir='ltr'>mihi</span> <span class='ocrx_word' id='word_1_65' title='bbox 570 1432 625 1495; x_wconf 83' lang='lat' dir='ltr'>vel</span> <span class='ocrx_word' id='word_1_66' title='bbox 650 1431 712 1494; x_wconf 90' lang='lat' dir='ltr'>sibi</span> <span class='ocrx_word' id='word_1_67' title='bbox 732 1430 918 1504; x_wconf 83' lang='lat' dir='ltr'>obstiterit3</span> <span class='ocrx_word' id='word_1_68' title='bbox 951 1452 1018 1514; x_wconf 91' lang='lat' dir='ltr'>quo</span> <span class='ocrx_word' id='word_1_69' title='bbox 1041 1437 1219 1507; x_wconf 68' lang='lat' dir='ltr'>transacto</span> 
     </span>
     <span class='ocr_line' id='line_1_11' title="bbox 162 1534 1219 1622; baseline -0.001 -23"><span class='ocrx_word' id='word_1_70' title='bbox 162 1536 207 1599; x_wconf 91' lang='lat' dir='ltr'>ad</span> <span class='ocrx_word' id='word_1_71' title='bbox 223 1536 450 1622; x_wconf 86' lang='lat' dir='ltr'>peragendum</span> <span class='ocrx_word' id='word_1_72' title='bbox 465 1535 553 1599; x_wconf 90' lang='lat' dir='ltr'>idem</span> <span class='ocrx_word' id='word_1_73' title='bbox 569 1543 705 1619; x_wconf 90' lang='lat' dir='ltr'>paratus</span> <span class='ocrx_word' id='word_1_74' title='bbox 722 1556 787 1598; x_wconf 91' lang='lat' dir='ltr'>ero.</span> <span class='ocrx_word' id='word_1_75' title='bbox 819 1534 915 1609; x_wconf 85' lang='lat' dir='ltr'>Item,</span> <span class='ocrx_word' id='word_1_76' title='bbox 928 1535 955 1597; x_wconf 88' lang='lat' dir='ltr'>si</span> <span class='ocrx_word' id='word_1_77' title='bbox 972 1534 1061 1598; x_wconf 91' lang='lat' dir='ltr'>idem</span> <span class='ocrx_word' id='word_1_78' title='bbox 1078 1534 1219 1598; x_wconf 90' lang='lat' dir='ltr'>domnus</span> 
     </span>
     <span class='ocr_line' id='line_1_12' title="bbox 165 1637 1219 1726; baseline -0.002 -23"><span class='ocrx_word' id='word_1_79' title='bbox 165 1662 250 1724; x_wconf 90' lang='lat' dir='ltr'>papa</span> <span class='ocrx_word' id='word_1_80' title='bbox 263 1639 446 1726; x_wconf 87' lang='lat' dir='ltr'>Gregorius</span> <span class='ocrx_word' id='word_1_81' title='bbox 459 1639 549 1702; x_wconf 85' lang='lat' dir='ltr'>ultra</span> <span class='ocrx_word' id='word_1_82' title='bbox 565 1646 696 1702; x_wconf 88' lang='lat' dir='ltr'>montes</span> <span class='ocrx_word' id='word_1_83' title='bbox 708 1660 768 1702; x_wconf 89' lang='lat' dir='ltr'>scu</span> <span class='ocrx_word' id='word_1_84' title='bbox 780 1637 822 1701; x_wconf 91' lang='lat' dir='ltr'>ad</span> <span class='ocrx_word' id='word_1_85' title='bbox 836 1639 917 1701; x_wconf 89' lang='lat' dir='ltr'>alias</span> <span class='ocrx_word' id='word_1_86' title='bbox 930 1646 1041 1722; x_wconf 88' lang='lat' dir='ltr'>partes</span> <span class='ocrx_word' id='word_1_87' title='bbox 1054 1646 1219 1702; x_wconf 89' lang='lat' dir='ltr'>terrarum</span> 
     </span>
     <span class='ocr_line' id='line_1_13' title="bbox 165 1743 1219 1826; baseline 0 -20"><span class='ocrx_word' id='word_1_88' title='bbox 165 1746 212 1807; x_wconf 91' lang='lat' dir='ltr'>ire</span> <span class='ocrx_word' id='word_1_89' title='bbox 232 1744 386 1819; x_wconf 82' lang='lat' dir='ltr'>voluerit,</span> <span class='ocrx_word' id='word_1_90' title='bbox 410 1764 548 1807; x_wconf 87' lang='lat' dir='ltr'>securus</span> <span class='ocrx_word' id='word_1_91' title='bbox 572 1744 636 1806; x_wconf 89' lang='lat' dir='ltr'>crit</span> <span class='ocrx_word' id='word_1_92' title='bbox 660 1765 702 1806; x_wconf 80' lang='lat' dir='ltr'>ex</span> <span class='ocrx_word' id='word_1_93' title='bbox 725 1743 790 1806; x_wconf 91' lang='lat' dir='ltr'>mei</span> <span class='ocrx_word' id='word_1_94' title='bbox 813 1750 906 1826; x_wconf 92' lang='lat' dir='ltr'>parte</span> <span class='ocrx_word' id='word_1_95' title='bbox 930 1750 964 1806; x_wconf 88' lang='lat' dir='ltr'>et</span> <span class='ocrx_word' id='word_1_96' title='bbox 987 1763 1110 1818; x_wconf 81' lang='lat' dir='ltr'>eorum,</span> <span class='ocrx_word' id='word_1_97' title='bbox 1136 1764 1219 1826; x_wconf 90' lang='lat' dir='ltr'>quos</span> 
     </span>
     <span class='ocr_line' id='line_1_14' title="bbox 162 1845 1222 1932; baseline -0.002 -20"><span class='ocrx_word' id='word_1_98' title='bbox 162 1849 394 1932; x_wconf 78' lang='lat' dir='ltr'>constringere</span> <span class='ocrx_word' id='word_1_99' title='bbox 418 1855 544 1930; x_wconf 82' lang='lat' dir='ltr'>potero,</span> <span class='ocrx_word' id='word_1_100' title='bbox 561 1846 603 1910; x_wconf 90' lang='lat' dir='ltr'>ab</span> <span class='ocrx_word' id='word_1_101' title='bbox 618 1847 708 1910; x_wconf 88' lang='lat' dir='ltr'>omni</span> <span class='ocrx_word' id='word_1_102' title='bbox 730 1847 876 1910; x_wconf 88' lang='lat' dir='ltr'>laesione</span> <span class='ocrx_word' id='word_1_103' title='bbox 893 1846 982 1910; x_wconf 83' lang='lat' dir='ltr'>vitae</span> <span class='ocrx_word' id='word_1_104' title='bbox 1006 1854 1041 1910; x_wconf 92' lang='lat' dir='ltr'>et</span> <span class='ocrx_word' id='word_1_105' title='bbox 1063 1845 1222 1910; x_wconf 82' lang='lat' dir='ltr'>membro</span> 
     </span>
     <span class='ocr_line' id='line_1_15' title="bbox 166 1951 1221 2036; baseline -0.002 -22"><span class='ocrx_word' id='word_1_106' title='bbox 166 1974 241 2015; x_wconf 91' lang='lat' dir='ltr'>rum</span> <span class='ocrx_word' id='word_1_107' title='bbox 257 1953 329 2036; x_wconf 81' lang='lat' dir='ltr'>ejus</span> <span class='ocrx_word' id='word_1_108' title='bbox 346 1973 405 2016; x_wconf 87' lang='lat' dir='ltr'>seu</span> <span class='ocrx_word' id='word_1_109' title='bbox 421 1952 575 2035; x_wconf 87' lang='lat' dir='ltr'>captione</span> <span class='ocrx_word' id='word_1_110' title='bbox 586 1958 709 2014; x_wconf 91' lang='lat' dir='ltr'>—tarn</span> <span class='ocrx_word' id='word_1_111' title='bbox 724 1951 794 2035; x_wconf 87' lang='lat' dir='ltr'>ipse</span> <span class='ocrx_word' id='word_1_112' title='bbox 811 1972 912 2034; x_wconf 89' lang='lat' dir='ltr'>quam</span> <span class='ocrx_word' id='word_1_113' title='bbox 930 1952 988 2034; x_wconf 89' lang='lat' dir='ltr'>qui</span> <span class='ocrx_word' id='word_1_114' title='bbox 1005 1952 1039 2013; x_wconf 93' lang='lat' dir='ltr'>in</span> <span class='ocrx_word' id='word_1_115' title='bbox 1058 1951 1129 2034; x_wconf 85' lang='lat' dir='ltr'>ejus</span> <span class='ocrx_word' id='word_1_116' title='bbox 1146 1971 1221 2014; x_wconf 90' lang='lat' dir='ltr'>con-</span> 
     </span>
     <span class='ocr_line' id='line_1_16' title="bbox 165 2055 1219 2139; baseline -0.002 -20"><span class='ocrx_word' id='word_1_117' title='bbox 165 2056 272 2119; x_wconf 85' lang='lat' dir='ltr'>ductu</span> <span class='ocrx_word' id='word_1_118' title='bbox 289 2064 323 2120; x_wconf 93' lang='lat' dir='ltr'>et</span> <span class='ocrx_word' id='word_1_119' title='bbox 339 2057 500 2120; x_wconf 89' lang='lat' dir='ltr'>comitatu</span> <span class='ocrx_word' id='word_1_120' title='bbox 515 2055 644 2119; x_wconf 83' lang='lat' dir='ltr'>fuerint</span> <span class='ocrx_word' id='word_1_121' title='bbox 659 2077 719 2119; x_wconf 90' lang='lat' dir='ltr'>seu</span> <span class='ocrx_word' id='word_1_122' title='bbox 736 2056 795 2139; x_wconf 90' lang='lat' dir='ltr'>qui</span> <span class='ocrx_word' id='word_1_123' title='bbox 819 2056 860 2119; x_wconf 88' lang='lat' dir='ltr'>ab</span> <span class='ocrx_word' id='word_1_124' title='bbox 882 2055 941 2117; x_wconf 87' lang='lat' dir='ltr'>illo</span> <span class='ocrx_word' id='word_1_125' title='bbox 966 2056 1150 2118; x_wconf 85' lang='lat' dir='ltr'>mittuntur</span> <span class='ocrx_word' id='word_1_126' title='bbox 1165 2055 1219 2119; x_wconf 81' lang='lat' dir='ltr'>vel</span> 
     </span>
     <span class='ocr_line' id='line_1_17' title="bbox 162 2158 1221 2244; baseline -0.003 -20"><span class='ocrx_word' id='word_1_127' title='bbox 162 2160 208 2224; x_wconf 90' lang='lat' dir='ltr'>ad</span> <span class='ocrx_word' id='word_1_128' title='bbox 231 2183 308 2224; x_wconf 90' lang='lat' dir='ltr'>eum</span> <span class='ocrx_word' id='word_1_129' title='bbox 331 2159 371 2224; x_wconf 89' lang='lat' dir='ltr'>dc</span> <span class='ocrx_word' id='word_1_130' title='bbox 403 2160 669 2244; x_wconf 88' lang='lat' dir='ltr'>quibuscumque</span> <span class='ocrx_word' id='word_1_131' title='bbox 701 2168 865 2224; x_wconf 89' lang='lat' dir='ltr'>terrarum</span> <span class='ocrx_word' id='word_1_132' title='bbox 893 2158 1042 2244; x_wconf 88' lang='lat' dir='ltr'>partibus</span> <span class='ocrx_word' id='word_1_133' title='bbox 1065 2160 1221 2223; x_wconf 87' lang='lat' dir='ltr'>venerint</span> 
     </span>
     <span class='ocr_line' id='line_1_18' title="bbox 165 2263 1219 2347; baseline 0.002 -21"><span class='ocrx_word' id='word_1_134' title='bbox 165 2266 253 2327; x_wconf 93' lang='lat' dir='ltr'>-in</span> <span class='ocrx_word' id='word_1_135' title='bbox 270 2264 381 2329; x_wconf 90' lang='lat' dir='ltr'>eundo</span> <span class='ocrx_word' id='word_1_136' title='bbox 405 2272 440 2329; x_wconf 89' lang='lat' dir='ltr'>et</span> <span class='ocrx_word' id='word_1_137' title='bbox 461 2265 507 2329; x_wconf 92' lang='lat' dir='ltr'>ibi</span> <span class='ocrx_word' id='word_1_138' title='bbox 530 2263 690 2328; x_wconf 91' lang='lat' dir='ltr'>morando</span> <span class='ocrx_word' id='word_1_139' title='bbox 705 2286 765 2328; x_wconf 88' lang='lat' dir='ltr'>seu</span> <span class='ocrx_word' id='word_1_140' title='bbox 781 2263 860 2328; x_wconf 89' lang='lat' dir='ltr'>inde</span> <span class='ocrx_word' id='word_1_141' title='bbox 876 2263 1055 2328; x_wconf 89' lang='lat' dir='ltr'>redeundo.</span> <span class='ocrx_word' id='word_1_142' title='bbox 1102 2263 1219 2347; x_wconf 89' lang='lat' dir='ltr'>Neque</span> 
     </span>
     <span class='ocr_line' id='line_1_19' title="bbox 164 2368 1219 2452; baseline -0.002 -20"><span class='ocrx_word' id='word_1_143' title='bbox 164 2368 259 2432; x_wconf 87' lang='lat' dir='ltr'>aliud</span> <span class='ocrx_word' id='word_1_144' title='bbox 275 2368 413 2452; x_wconf 85' lang='lat' dir='ltr'>aliquod</span> <span class='ocrx_word' id='word_1_145' title='bbox 429 2368 706 2452; x_wconf 84' lang='lat' dir='ltr'>impedimentum</span> <span class='ocrx_word' id='word_1_146' title='bbox 722 2368 858 2433; x_wconf 81' lang='lat' dir='ltr'>habebit</span> <span class='ocrx_word' id='word_1_147' title='bbox 881 2390 923 2432; x_wconf 82' lang='lat' dir='ltr'>ex</span> <span class='ocrx_word' id='word_1_148' title='bbox 947 2390 1021 2432; x_wconf 91' lang='lat' dir='ltr'>meo</span> <span class='ocrx_word' id='word_1_149' title='bbox 1044 2389 1219 2442; x_wconf 88' lang='lat' dir='ltr'>consensu,</span> 
     </span>
     <span class='ocr_line' id='line_1_20' title="bbox 163 2471 1220 2556; baseline -0.001 -21"><span class='ocrx_word' id='word_1_150' title='bbox 163 2472 258 2556; x_wconf 89' lang='lat' dir='ltr'>quod</span> <span class='ocrx_word' id='word_1_151' title='bbox 274 2482 389 2536; x_wconf 88' lang='lat' dir='ltr'>contra</span> <span class='ocrx_word' id='word_1_152' title='bbox 404 2472 566 2536; x_wconf 88' lang='lat' dir='ltr'>honorem</span> <span class='ocrx_word' id='word_1_153' title='bbox 581 2494 681 2536; x_wconf 86' lang='lat' dir='ltr'>suum</span> <span class='ocrx_word' id='word_1_154' title='bbox 696 2473 757 2547; x_wconf 86' lang='lat' dir='ltr'>sit3</span> <span class='ocrx_word' id='word_1_155' title='bbox 781 2473 855 2536; x_wconf 89' lang='lat' dir='ltr'>etsi</span> <span class='ocrx_word' id='word_1_156' title='bbox 872 2473 947 2556; x_wconf 88' lang='lat' dir='ltr'>quis</span> <span class='ocrx_word' id='word_1_157' title='bbox 960 2473 991 2536; x_wconf 90' lang='lat' dir='ltr'>ei</span> <span class='ocrx_word' id='word_1_158' title='bbox 1003 2471 1130 2548; x_wconf 79' lang='lat' dir='ltr'>fecerit,</span> <span class='ocrx_word' id='word_1_159' title='bbox 1143 2493 1220 2535; x_wconf 89' lang='lat' dir='ltr'>cum</span> 
     </span>
     <span class='ocr_line' id='line_1_21' title="bbox 165 2576 1080 2660; baseline -0.002 -20"><span class='ocrx_word' id='word_1_160' title='bbox 165 2576 252 2640; x_wconf 90' lang='lat' dir='ltr'>bona</span> <span class='ocrx_word' id='word_1_161' title='bbox 268 2576 333 2640; x_wconf 87' lang='lat' dir='ltr'>fide</span> <span class='ocrx_word' id='word_1_162' title='bbox 349 2576 537 2640; x_wconf 90' lang='lat' dir='ltr'>secundum</span> <span class='ocrx_word' id='word_1_163' title='bbox 553 2598 647 2660; x_wconf 88' lang='lat' dir='ltr'>posse</span> <span class='ocrx_word' id='word_1_164' title='bbox 664 2598 775 2640; x_wconf 91' lang='lat' dir='ltr'>meum</span> <span class='ocrx_word' id='word_1_165' title='bbox 791 2577 889 2639; x_wconf 89' lang='lat' dir='ltr'>illum</span> <span class='ocrx_word' id='word_1_166' title='bbox 904 2576 1080 2660; x_wconf 80' lang='lat' dir='ltr'>adjuvabo</span> 
     </span>
    </p>

    <p class='ocr_par' dir='ltr' id='par_1_4' title="bbox 211 2678 1219 2755">
     <span class='ocr_line' id='line_1_22' title="bbox 211 2678 1219 2755; baseline -0.001 -13"><span class='ocrx_word' id='word_1_167' title='bbox 211 2680 338 2743; x_wconf 88' lang='lat' dir='ltr'>Actum</span> <span class='ocrx_word' id='word_1_168' title='bbox 358 2679 522 2743; x_wconf 86' lang='lat' dir='ltr'>Canusiae</span> <span class='ocrx_word' id='word_1_169' title='bbox 540 2679 559 2743; x_wconf 84' lang='lat'><strong><em>5</em></strong></span> <span class='ocrx_word' id='word_1_170' title='bbox 577 2679 745 2744; x_wconf 84' lang='lat' dir='ltr'>Kalendas</span> <span class='ocrx_word' id='word_1_171' title='bbox 765 2679 950 2755; x_wconf 77' lang='lat' dir='ltr'>Februarii,</span> <span class='ocrx_word' id='word_1_172' title='bbox 967 2678 1149 2744; x_wconf 77' lang='lat' dir='ltr'>indictione</span> <span class='ocrx_word' id='word_1_173' title='bbox 1167 2678 1219 2742; x_wconf 84' lang='lat'>15.</span> 
     </span>
    </p>
   </div>
   <div class='ocr_carea' id='block_1_4' title="bbox 617 2892 753 2918">
    <p class='ocr_par' dir='ltr' id='par_1_5' title="bbox 617 2892 753 2918">
     <span class='ocr_line' id='line_1_23' title="bbox 617 2892 753 2918; baseline 0 0"><span class='ocrx_word' id='word_1_174' title='bbox 617 2892 753 2918; x_wconf 81' lang='grc' dir='ltr'><strong>-οοο-</strong></span> 
     </span>
    </p>
   </div>
   <div class='ocr_carea' id='block_1_5' title="bbox 165 3059 1221 3217">
    <p class='ocr_par' dir='ltr' id='par_1_6' title="bbox 165 3059 1221 3217">
     <span class='ocr_line' id='line_1_24' title="bbox 165 3059 1221 3123; baseline 0.001 -4"><span class='ocrx_word' id='word_1_175' title='bbox 165 3059 327 3120; x_wconf 69' lang='lat' dir='ltr'>orturus</span> <span class='ocrx_word' id='word_1_176' title='bbox 356 3060 400 3120; x_wconf 83' lang='lat' dir='ltr'>OF</span> <span class='ocrx_word' id='word_1_177' title='bbox 427 3059 598 3121; x_wconf 78' lang='lat' dir='ltr'>GREGORY</span> <span class='ocrx_word' id='word_1_178' title='bbox 626 3060 693 3123; x_wconf 87' lang='lat' dir='ltr'><strong>VII.</strong></span> <span class='ocrx_word' id='word_1_179' title='bbox 718 3060 946 3121; x_wconf 77' lang='lat' dir='ltr'>PORBIDDING</span> <span class='ocrx_word' id='word_1_180' title='bbox 976 3059 1049 3120; x_wconf 85' lang='lat' dir='ltr'>THE</span> <span class='ocrx_word' id='word_1_181' title='bbox 1078 3059 1221 3122; x_wconf 78' lang='lat' dir='ltr'>OLERGY</span> 
     </span>
     <span class='ocr_line' id='line_1_25' title="bbox 280 3156 1112 3217; baseline 0.001 -1"><span class='ocrx_word' id='word_1_182' title='bbox 280 3156 325 3217; x_wconf 83' lang='lat' dir='ltr'>TO</span> <span class='ocrx_word' id='word_1_183' title='bbox 352 3156 512 3217; x_wconf 82' lang='lat' dir='ltr'>REOEIVE</span> <span class='ocrx_word' id='word_1_184' title='bbox 540 3157 792 3217; x_wconf 80' lang='lat' dir='ltr'><strong>INVESTITURE</strong></span> <span class='ocrx_word' id='word_1_185' title='bbox 821 3157 920 3217; x_wconf 81' lang='lat' dir='ltr'>PROM</span> <span class='ocrx_word' id='word_1_186' title='bbox 949 3156 1112 3217; x_wconf 81' lang='lat' dir='ltr'><strong>LAYMEN.</strong></span> 
     </span>
    </p>
   </div>
   <div class='ocr_carea' id='block_1_6' title="bbox 424 3317 965 3545">
    <p class='ocr_par' dir='ltr' id='par_1_7' title="bbox 424 3317 965 3545">
     <span class='ocr_line' id='line_1_26' title="bbox 424 3317 965 3401; baseline -0.004 -19"><span class='ocrx_word' id='word_1_187' title='bbox 424 3321 465 3400; x_wconf 86' lang='lat' dir='ltr'>a)</span> <span class='ocrx_word' id='word_1_188' title='bbox 491 3317 611 3382; x_wconf 82' lang='lat' dir='ltr'>Decrec</span> <span class='ocrx_word' id='word_1_189' title='bbox 636 3322 674 3401; x_wconf 85' lang='lat' dir='ltr'>os</span> <span class='ocrx_word' id='word_1_190' title='bbox 690 3319 769 3382; x_wconf 76' lang='lat' dir='ltr'>Noc.</span> <span class='ocrx_word' id='word_1_191' title='bbox 794 3319 846 3393; x_wconf 85' lang='lat'>19,</span> <span class='ocrx_word' id='word_1_192' title='bbox 871 3319 965 3382; x_wconf 79' lang='lat'>1078.</span> 
     </span>
     <span class='ocr_line' id='line_1_27' title="bbox 476 3484 911 3545; baseline -0.002 -13"><span class='ocrx_word' id='word_1_193' title='bbox 476 3485 570 3544; x_wconf 54' lang='lat' dir='ltr'>[rana</span> <span class='ocrx_word' id='word_1_194' title='bbox 587 3488 642 3532; x_wconf 81' lang='lat' dir='ltr'>nn.</span> <span class='ocrx_word' id='word_1_195' title='bbox 655 3488 711 3533; x_wconf 76' lang='lat' dir='ltr'>nu.</span> <span class='ocrx_word' id='word_1_196' title='bbox 724 3488 792 3542; x_wconf 72' lang='lat' dir='ltr'>Ger..</span> <span class='ocrx_word' id='word_1_197' title='bbox 805 3488 836 3532; x_wconf 90' lang='lat' dir='ltr'>n.</span> <span class='ocrx_word' id='word_1_198' title='bbox 849 3484 911 3545; x_wconf 70' lang='lat' dir='ltr'>aaa]</span> 
     </span>
    </p>
   </div>
   <div class='ocr_carea' id='block_1_7' title="bbox 166 3628 1222 3818">
    <p class='ocr_par' dir='ltr' id='par_1_8' title="bbox 166 3628 1222 3818">
     <span class='ocr_line' id='line_1_28' title="bbox 212 3628 1222 3707; baseline 0.002 -16"><span class='ocrx_word' id='word_1_199' title='bbox 212 3628 380 3707; x_wconf 86' lang='lat' dir='ltr'>Quoniam</span> <span class='ocrx_word' id='word_1_200' title='bbox 395 3631 584 3694; x_wconf 76' lang='lat' dir='ltr'>investurae</span> <span class='ocrx_word' id='word_1_201' title='bbox 601 3631 816 3694; x_wconf 86' lang='lat' dir='ltr'>ecclesiarum</span> <span class='ocrx_word' id='word_1_202' title='bbox 840 3638 958 3694; x_wconf 86' lang='lat' dir='ltr'>contra</span> <span class='ocrx_word' id='word_1_203' title='bbox 980 3638 1108 3694; x_wconf 90' lang='lat' dir='ltr'>statuta</span> <span class='ocrx_word' id='word_1_204' title='bbox 1131 3651 1222 3693; x_wconf 86' lang='lat' dir='ltr'>sanc·</span> 
     </span>
     <span class='ocr_line' id='line_1_29' title="bbox 166 3733 1222 3818; baseline -0.001 -21"><span class='ocrx_word' id='word_1_205' title='bbox 166 3742 278 3797; x_wconf 89' lang='lat' dir='ltr'>torum</span> <span class='ocrx_word' id='word_1_206' title='bbox 295 3742 428 3817; x_wconf 88' lang='lat' dir='ltr'>patrum</span> <span class='ocrx_word' id='word_1_207' title='bbox 444 3756 463 3796; x_wconf 85' lang='lat' dir='ltr'>a</span> <span class='ocrx_word' id='word_1_208' title='bbox 478 3734 572 3797; x_wconf 88' lang='lat' dir='ltr'>laicis</span> <span class='ocrx_word' id='word_1_209' title='bbox 589 3735 738 3818; x_wconf 88' lang='lat' dir='ltr'>personis</span> <span class='ocrx_word' id='word_1_210' title='bbox 755 3735 790 3795; x_wconf 90' lang='lat' dir='ltr'>in</span> <span class='ocrx_word' id='word_1_211' title='bbox 806 3734 921 3797; x_wconf 89' lang='lat' dir='ltr'>multis</span> <span class='ocrx_word' id='word_1_212' title='bbox 938 3733 1089 3818; x_wconf 84' lang='lat' dir='ltr'>portibus</span> <span class='ocrx_word' id='word_1_213' title='bbox 1101 3755 1222 3818; x_wconf 88' lang='lat' dir='ltr'>cogno-</span> 
     </span>
    </p>
   </div>
   <div class='ocr_carea' id='block_1_8' title="bbox 0 0 1395 4268">
    <p class='ocr_par' dir='ltr' id='par_1_9' title="bbox 0 0 1395 4268">
     <span class='ocr_line' id='line_1_30' title="bbox 0 0 1395 4268; baseline 0 0"><span class='ocrx_word' id='word_1_214' title='bbox 0 0 1395 4268; x_wconf 95' lang='lat' dir='ltr'> </span> 
     </span>
    </p>
   </div>
  </div>
 </body>
</html>
