2768 4268
375 330 449 376 rna
472 327 775 375 flonensraurnu
798 328 940 376 namon.
1125 311 1186 376 123

135 501 285 565 concutit
308 501 434 564 viscera
459 505 494 562 et
515 498 604 561 latus
627 496 789 560 dilacerat
812 498 926 562 matris
949 521 1019 562 sue.
1065 498 1187 582 Sioque

134 605 214 668 foris
239 626 362 689 pugne,
388 604 480 666 intus
505 602 658 665 timores:
692 609 787 665 extra
811 602 972 666 interficit
995 602 1128 688 gladius
1153 612 1188 667 et

133 709 225 772 domi
250 729 337 770 mors
362 707 479 770 similis
504 707 711 780 intentatur3
746 705 850 789 fitque
876 705 1071 790 frequenter
1096 707 1187 791 quod

136 812 262 876 Christi
297 812 447 875 Ecclesia
477 818 529 873 tot
558 811 723 895 angustiis
753 809 956 893 perturbata,
988 810 1067 873 dum
1098 813 1185 877 alere

133 916 241 981 credit
261 916 356 990 filios,
374 916 482 978 nutrit
504 915 539 976 in
562 915 640 977 sinu
662 915 785 1000 ignem,
801 922 972 998 serpentes
996 924 1031 979 et
1053 917 1186 1002 regulos

135 1023 195 1104 qui
211 1019 304 1095 flatu,
317 1041 439 1094 morsu,
452 1018 606 1082 incendio
620 1026 741 1081 cuncta
755 1026 884 1081 vastare
898 1020 1064 1082 nituntur.
1096 1020 1186 1084 Huic

134 1134 188 1188 est
203 1123 295 1208 quod
310 1123 353 1186 ad
368 1130 515 1186 monstra
530 1121 722 1206 hujusmodi
738 1121 932 1205 perimenda
948 1131 983 1186 et
995 1145 1188 1209 expugnan-

135 1228 194 1292 das
213 1229 299 1292 acies
323 1229 483 1303 inimicas,
499 1226 542 1289 ad
564 1233 802 1310 tempestatum
826 1226 1079 1310 inquietudines
1102 1229 1189 1292 miti-

133 1333 270 1419 gandas,
302 1332 483 1417 apostolica
516 1329 611 1394 sedes
649 1329 700 1392 his
739 1329 943 1414 temporibus
973 1353 1050 1394 curn
1081 1333 1188 1395 multa

134 1437 312 1521 diligentia
344 1435 520 1520 quemdam
556 1435 701 1497 nutrivit
738 1435 923 1509 alumnum,
955 1435 1187 1519 imperatorem

135 1541 295 1604 videlicet
319 1540 654 1622 Fridericum,que1n
678 1538 776 1621 quasi
800 1559 819 1600 a
843 1539 957 1601 matris
981 1548 1078 1603 utero
1097 1561 1189 1604 exce-

135 1646 186 1728 pit
216 1643 367 1729 genibus,
398 1643 539 1706 lactavit
569 1641 735 1716 uberibus
766 1641 911 1705 humeris
942 1641 1115 1727 bajulavit,
1147 1643 1187 1708 de

136 1748 289 1810 manibus
320 1748 533 1831 querentium
563 1747 707 1809 animam
734 1746 805 1830 ejus
833 1744 1028 1829 frequenter
1055 1749 1188 1832 eripuit,

134 1851 277 1915 educare
299 1851 431 1914 studuit
453 1851 569 1913 multis
593 1849 760 1913 laboribus
784 1857 819 1913 et
842 1852 1007 1934 expensis,
1024 1873 1130 1936 usque
1146 1852 1190 1916 ad

136 1957 248 2020 virum
270 1955 458 2039 perfectum
481 1954 632 2030 deduxit,
656 1953 699 2017 ad
722 1955 812 2040 regie
837 1954 1013 2039 dignitatis
1037 1955 1189 2021 decorem

135 2067 171 2124 et
196 2059 331 2124 tandem
356 2059 399 2122 ad
426 2057 600 2143 fastigium
625 2059 782 2121 culminis
813 2059 993 2142 imperialis
1024 2062 1189 2145 provexit,

137 2163 276 2228 credens
299 2164 408 2247 ipsum
432 2162 501 2226 fore
519 2161 723 2226 defensionis
741 2163 870 2249 virgam
894 2173 929 2227 et
950 2185 1010 2227 suc
1033 2164 1188 2228 baculum

135 2269 327 2332 senectutis.
366 2267 441 2352 lpse
454 2275 567 2330 autem
580 2266 662 2330 dum
677 2268 712 2329 in
729 2267 955 2330 Theutoniam
968 2290 1002 2332 se
1016 2270 1191 2332 transtulit

136 2373 180 2436 ad
189 2372 357 2437 habendas
369 2373 500 2456 imperii
513 2371 720 2447 obtinendas
730 2370 874 2454 jocunda
886 2372 1039 2456 quedam,
1051 2381 1090 2435 ut
1100 2372 1190 2436 cred-

136 2477 263 2552 ebatur,
281 2477 439 2559 auspicia,
455 2475 514 2539 sed
532 2476 644 2538 verius
667 2475 796 2559 spicula
812 2477 928 2539 matris
949 2476 1121 2541 obtutibus
1145 2478 1192 2540 in·

137 2580 274 2670 ferebat.
314 2580 400 2642 Nam
412 2587 540 2663 sponte,
554 2601 621 2641 non
638 2579 796 2653 monitus,
811 2577 896 2642 Sede
909 2580 1091 2662 apostolica
1105 2579 1190 2645 Sede

136 2685 323 2768 ignorante,
348 2705 480 2747 crucem
506 2684 575 2746 suis
602 2682 749 2746 humeris
778 2681 894 2758 affixit,
922 2705 1047 2747 vovens
1074 2685 1192 2748 solem-

138 2789 225 2851 niter
241 2810 275 2851 se
293 2789 328 2850 in
344 2795 431 2851 terre
447 2796 561 2851 sancte
578 2787 764 2850 subsidium
780 2787 1019 2872 profecturum.
1058 2789 1189 2853 Deinde

137 2913 173 2954 se
198 2911 235 2954 ac
261 2891 343 2954 alias
368 2892 615 2976 crucesignatas
641 2892 921 2954 excommunicari
946 2891 1101 2963 obtinuit,
1127 2895 1190 2956 nisi

138 3004 230 3059 certo
246 2995 502 3080 profiscerentur
524 3003 672 3078 tempore
684 3018 693 3069 3
716 2994 775 3057 scd
798 2994 992 3059 incidentur
1014 2997 1193 3060 absolutio

139 3121 216 3163 nem
238 3100 338 3183 petiit
360 3106 395 3162 et
417 3099 555 3182 accepit,
580 3098 620 3162 de
645 3097 791 3181 parendo
813 3119 913 3182 super
936 3098 999 3162 hoc
1025 3100 1190 3164 mandatis

140 3203 287 3267 Ecclesia
304 3204 397 3286 prius
413 3203 551 3287 prestito
567 3203 765 3286 juramento.
812 3202 1063 3266 Exuberantern
1078 3212 1191 3268 autem

137 3309 281 3394 gratiam
296 3329 396 3390 super
412 3307 521 3390 ipsum
537 3307 718 3391 apostolica
732 3305 827 3369 sedes
844 3304 1020 3370 effundens
1041 3315 1081 3370 ut
1099 3306 1192 3371 iesti-

140 3414 276 3476 nantius
291 3411 333 3475 ad
350 3419 435 3475 terre
451 3419 563 3474 sancte
579 3411 736 3473 transiret
746 3410 942 3483 subsidium,
955 3412 1064 3496 ipsum
1077 3420 1191 3475 eontra

139 3538 265 3580 morem
281 3514 324 3579 ad
340 3537 495 3578 eoronam
507 3515 650 3588 vocavit,
663 3536 728 3598 que
745 3513 865 3577 adhoc
882 3535 948 3576 non
965 3536 1031 3577 non
1048 3515 1191 3580 invitare

138 3619 199 3683 sod
215 3620 349 3682 invitari
367 3618 598 3702 multiplicatis
619 3617 909 3681 intercessionibus
925 3640 985 3702 per
999 3619 1192 3703 magnificos

140 3724 275 3786 nuntios
292 3723 487 3796 consuevit3
511 3722 600 3785 sicut
622 3721 710 3785 idern
733 3721 796 3784 sub
818 3722 926 3785 crucis
943 3721 1068 3785 vexillo
1085 3742 1191 3805 usque
