<?xml version="1.0" encoding="UTF-8"?>
<!DOCTYPE html PUBLIC "-//W3C//DTD XHTML 1.0 Transitional//EN"
    "http://www.w3.org/TR/xhtml1/DTD/xhtml1-transitional.dtd">
<html xmlns="http://www.w3.org/1999/xhtml" xml:lang="en" lang="en">
 <head>
  <title>
</title>
<meta http-equiv="Content-Type" content="text/html;charset=utf-8" />
  <meta name='ocr-system' content='tesseract 3.04.00' />
  <meta name='ocr-capabilities' content='ocr_page ocr_carea ocr_par ocr_line ocrx_word'/>
</head>
<body>
  <div class='ocr_page' id='page_1' title='image "./selectmediaeval00mathgoog_0123.png"; bbox 0 0 2768 4268; ppageno 0'>
   <div class='ocr_carea' id='block_1_1' title="bbox 157 304 991 368">
    <p class='ocr_par' dir='ltr' id='par_1_1' title="bbox 157 304 991 368">
     <span class='ocr_line' id='line_1_1' title="bbox 157 304 991 368; baseline -0.002 0"><span class='ocrx_word' id='word_1_1' title='bbox 157 304 220 368; x_wconf 88' lang='lat'>118</span> <span class='ocrx_word' id='word_1_2' title='bbox 375 320 507 368; x_wconf 79' lang='lat' dir='ltr'>smncr</span> <span class='ocrx_word' id='word_1_3' title='bbox 534 320 738 366; x_wconf 76' lang='lat' dir='ltr'>unnrmvnu</span> <span class='ocrx_word' id='word_1_4' title='bbox 764 320 991 368; x_wconf 74' lang='lat' dir='ltr'>occurrence.</span> 
     </span>
    </p>
   </div>
   <div class='ocr_carea' id='block_1_2' title="bbox 155 488 1211 1096">
    <p class='ocr_par' dir='ltr' id='par_1_2' title="bbox 155 488 1211 886">
     <span class='ocr_line' id='line_1_2' title="bbox 200 488 1209 570; baseline 0.002 -18"><span class='ocrx_word' id='word_1_5' title='bbox 200 490 290 553; x_wconf 90' lang='lat' dir='ltr'>Acta</span> <span class='ocrx_word' id='word_1_6' title='bbox 302 496 383 553; x_wconf 93' lang='lat' dir='ltr'>sunt</span> <span class='ocrx_word' id='word_1_7' title='bbox 398 489 478 554; x_wconf 90' lang='lat' dir='ltr'>haec</span> <span class='ocrx_word' id='word_1_8' title='bbox 495 511 583 552; x_wconf 89' lang='lat' dir='ltr'>anno</span> <span class='ocrx_word' id='word_1_9' title='bbox 599 488 726 552; x_wconf 92' lang='lat' dir='ltr'>domini</span> <span class='ocrx_word' id='word_1_10' title='bbox 742 490 847 552; x_wconf 79' lang='lat' dir='ltr'>nostri</span> <span class='ocrx_word' id='word_1_11' title='bbox 864 490 886 553; x_wconf 84' lang='lat' dir='ltr'>J</span> <span class='ocrx_word' id='word_1_12' title='bbox 889 511 947 553; x_wconf 89' lang='lat' dir='ltr'>esu</span> <span class='ocrx_word' id='word_1_13' title='bbox 966 489 1092 554; x_wconf 78' lang='lat' dir='ltr'>Christi</span> <span class='ocrx_word' id='word_1_14' title='bbox 1114 489 1209 570; x_wconf 78' lang='lat'>1213,</span> 
     </span>
     <span class='ocr_line' id='line_1_3' title="bbox 155 592 1211 679; baseline 0.002 -23"><span class='ocrx_word' id='word_1_15' title='bbox 155 593 340 657; x_wconf 79' lang='lat' dir='ltr'>indictione</span> <span class='ocrx_word' id='word_1_16' title='bbox 365 594 480 678; x_wconf 88' lang='lat' dir='ltr'>prima,</span> <span class='ocrx_word' id='word_1_17' title='bbox 504 601 665 679; x_wconf 78' lang='lat' dir='ltr'>regnante</span> <span class='ocrx_word' id='word_1_18' title='bbox 693 592 828 656; x_wconf 90' lang='lat' dir='ltr'>domino</span> <span class='ocrx_word' id='word_1_19' title='bbox 856 593 1032 657; x_wconf 88' lang='lat' dir='ltr'>Frederico</span> <span class='ocrx_word' id='word_1_20' title='bbox 1062 594 1211 658; x_wconf 87' lang='lat' dir='ltr'>seeundo</span> 
     </span>
     <span class='ocr_line' id='line_1_4' title="bbox 157 695 1210 784; baseline 0.002 -24"><span class='ocrx_word' id='word_1_21' title='bbox 157 699 384 760; x_wconf 87' lang='lat' dir='ltr'>Romanorum</span> <span class='ocrx_word' id='word_1_22' title='bbox 401 719 486 783; x_wconf 78' lang='lat' dir='ltr'>rege</span> <span class='ocrx_word' id='word_1_23' title='bbox 513 698 659 783; x_wconf 84' lang='lat' dir='ltr'>glorioso</span> <span class='ocrx_word' id='word_1_24' title='bbox 684 706 719 761; x_wconf 91' lang='lat' dir='ltr'>et</span> <span class='ocrx_word' id='word_1_25' title='bbox 744 719 822 782; x_wconf 85' lang='lat' dir='ltr'>rege</span> <span class='ocrx_word' id='word_1_26' title='bbox 850 695 974 772; x_wconf 87' lang='lat' dir='ltr'>Sicilie,</span> <span class='ocrx_word' id='word_1_27' title='bbox 999 719 1088 761; x_wconf 92' lang='lat' dir='ltr'>anno</span> <span class='ocrx_word' id='word_1_28' title='bbox 1114 700 1210 784; x_wconf 85' lang='lat' dir='ltr'>regni</span> 
     </span>
     <span class='ocr_line' id='line_1_5' title="bbox 156 800 837 886; baseline -0.004 -20"><span class='ocrx_word' id='word_1_29' title='bbox 156 803 227 886; x_wconf 83' lang='lat' dir='ltr'>ejus</span> <span class='ocrx_word' id='word_1_30' title='bbox 245 802 388 865; x_wconf 89' lang='lat' dir='ltr'>Romani</span> <span class='ocrx_word' id='word_1_31' title='bbox 404 802 522 886; x_wconf 85' lang='lat' dir='ltr'>prime,</span> <span class='ocrx_word' id='word_1_32' title='bbox 540 800 673 865; x_wconf 82' lang='lat' dir='ltr'>Siciliae</span> <span class='ocrx_word' id='word_1_33' title='bbox 690 823 769 865; x_wconf 83' lang='lat' dir='ltr'>vero</span> <span class='ocrx_word' id='word_1_34' title='bbox 787 800 837 863; x_wconf 89' lang='lat'>16.</span> 
     </span>
    </p>

    <p class='ocr_par' dir='ltr' id='par_1_3' title="bbox 155 904 1209 1096">
     <span class='ocr_line' id='line_1_6' title="bbox 200 904 1209 990; baseline 0.002 -21"><span class='ocrx_word' id='word_1_35' title='bbox 200 906 327 969; x_wconf 90' lang='lat' dir='ltr'>Datum</span> <span class='ocrx_word' id='word_1_36' title='bbox 352 905 443 990; x_wconf 90' lang='lat' dir='ltr'>apud</span> <span class='ocrx_word' id='word_1_37' title='bbox 468 904 592 990; x_wconf 77' lang='lat' dir='ltr'>ligram</span> <span class='ocrx_word' id='word_1_38' title='bbox 616 927 676 989; x_wconf 90' lang='lat' dir='ltr'>per</span> <span class='ocrx_word' id='word_1_39' title='bbox 699 925 818 968; x_wconf 86' lang='lat' dir='ltr'>manus</span> <span class='ocrx_word' id='word_1_40' title='bbox 842 904 995 970; x_wconf 91' lang='lat' dir='ltr'>Bertoldi</span> <span class='ocrx_word' id='word_1_41' title='bbox 1018 905 1059 970; x_wconf 92' lang='lat' dir='ltr'>de</span> <span class='ocrx_word' id='word_1_42' title='bbox 1084 905 1209 983; x_wconf 85' lang='lat' dir='ltr'>Niffen,</span> 
     </span>
     <span class='ocr_line' id='line_1_7' title="bbox 155 1008 1005 1096; baseline 0 -24"><span class='ocrx_word' id='word_1_43' title='bbox 155 1011 275 1096; x_wconf 86' lang='lat' dir='ltr'>regalis</span> <span class='ocrx_word' id='word_1_44' title='bbox 292 1009 387 1073; x_wconf 88' lang='lat' dir='ltr'>aulae</span> <span class='ocrx_word' id='word_1_45' title='bbox 404 1009 657 1093; x_wconf 79' lang='lat' dir='ltr'>prothonotarii,</span> <span class='ocrx_word' id='word_1_46' title='bbox 675 1016 795 1092; x_wconf 89' lang='lat' dir='ltr'>quarto</span> <span class='ocrx_word' id='word_1_47' title='bbox 812 1008 893 1072; x_wconf 86' lang='lat' dir='ltr'>idus</span> <span class='ocrx_word' id='word_1_48' title='bbox 910 1009 932 1072; x_wconf 84' lang='lat' dir='ltr'>J</span> <span class='ocrx_word' id='word_1_49' title='bbox 934 1009 1005 1072; x_wconf 92' lang='lat' dir='ltr'>ulii.</span> 
     </span>
    </p>
   </div>
   <div class='ocr_carea' id='block_1_3' title="bbox 614 1254 749 1280">
    <p class='ocr_par' dir='ltr' id='par_1_4' title="bbox 614 1254 749 1280">
     <span class='ocr_line' id='line_1_8' title="bbox 614 1254 749 1280; baseline 0 0"><span class='ocrx_word' id='word_1_50' title='bbox 614 1254 749 1280; x_wconf 53' lang='grc' dir='ltr'>-ΟΟΡ-</span> 
     </span>
    </p>
   </div>
   <div class='ocr_carea' id='block_1_4' title="bbox 177 1440 1189 1619">
    <p class='ocr_par' dir='ltr' id='par_1_5' title="bbox 177 1440 1189 1619">
     <span class='ocr_line' id='line_1_9' title="bbox 177 1440 1189 1504; baseline 0 0"><span class='ocrx_word' id='word_1_51' title='bbox 177 1442 277 1504; x_wconf 76' lang='lat' dir='ltr'>orm</span> <span class='ocrx_word' id='word_1_52' title='bbox 302 1441 431 1504; x_wconf 80' lang='lat' dir='ltr'>suom</span> <span class='ocrx_word' id='word_1_53' title='bbox 453 1441 505 1503; x_wconf 80' lang='lat' dir='ltr'>rr</span> <span class='ocrx_word' id='word_1_54' title='bbox 529 1442 738 1503; x_wconf 74' lang='lat' dir='ltr'>creceium</span> <span class='ocrx_word' id='word_1_55' title='bbox 766 1441 806 1502; x_wconf 90' lang='lat'>11.</span> <span class='ocrx_word' id='word_1_56' title='bbox 836 1440 881 1502; x_wconf 86' lang='lat' dir='ltr'>ro</span> <span class='ocrx_word' id='word_1_57' title='bbox 905 1441 1093 1504; x_wconf 79' lang='lat' dir='ltr'>inuocem</span> <span class='ocrx_word' id='word_1_58' title='bbox 1120 1443 1189 1504; x_wconf 76' lang='lat' dir='ltr'>uu</span> 
     </span>
     <span class='ocr_line' id='line_1_10' title="bbox 356 1540 745 1619; baseline 0.003 -22"><span class='ocrx_word' id='word_1_59' title='bbox 356 1562 359 1566; x_wconf 89' lang='lat'>·</span> <span class='ocrx_word' id='word_1_60' title='bbox 631 1540 745 1619; x_wconf 83' lang='lat'>(1213).</span> 
     </span>
    </p>
   </div>
   <div class='ocr_carea' id='block_1_5' title="bbox 585 1699 784 1760">
    <p class='ocr_par' dir='ltr' id='par_1_6' title="bbox 585 1699 784 1760">
     <span class='ocr_line' id='line_1_11' title="bbox 585 1699 784 1760; baseline 0.005 -15"><span class='ocrx_word' id='word_1_61' title='bbox 585 1701 678 1759; x_wconf 57' lang='grc' dir='ltr'>[ιι-Β,</span> <span class='ocrx_word' id='word_1_62' title='bbox 691 1702 709 1746; x_wconf 90' lang='lat'>1.</span> <span class='ocrx_word' id='word_1_63' title='bbox 721 1699 784 1760; x_wconf 68' lang='lat' dir='ltr'>aaa]</span> 
     </span>
    </p>
   </div>
   <div class='ocr_carea' id='block_1_6' title="bbox 155 1839 1242 2137">
    <p class='ocr_par' dir='ltr' id='par_1_7' title="bbox 155 1839 1242 2137">
     <span class='ocr_line' id='line_1_12' title="bbox 201 1839 1208 1907; baseline 0.001 -3"><span class='ocrx_word' id='word_1_64' title='bbox 201 1842 241 1905; x_wconf 91' lang='lat' dir='ltr'>ln</span> <span class='ocrx_word' id='word_1_65' title='bbox 272 1840 406 1904; x_wconf 90' lang='lat' dir='ltr'>nomine</span> <span class='ocrx_word' id='word_1_66' title='bbox 437 1847 551 1904; x_wconf 85' lang='lat' dir='ltr'>sancte</span> <span class='ocrx_word' id='word_1_67' title='bbox 579 1848 614 1903; x_wconf 91' lang='lat' dir='ltr'>et</span> <span class='ocrx_word' id='word_1_68' title='bbox 643 1839 828 1904; x_wconf 89' lang='lat' dir='ltr'>individere</span> <span class='ocrx_word' id='word_1_69' title='bbox 853 1840 1038 1904; x_wconf 85' lang='lat' dir='ltr'>Trinitatis.</span> <span class='ocrx_word' id='word_1_70' title='bbox 1085 1843 1208 1907; x_wconf 81' lang='lat' dir='ltr'>Amen.</span> 
     </span>
     <span class='ocr_line' id='line_1_13' title="bbox 156 1945 1242 2032; baseline 0 -23"><span class='ocrx_word' id='word_1_71' title='bbox 156 1946 229 2032; x_wconf 86' lang='lat' dir='ltr'>Ego</span> <span class='ocrx_word' id='word_1_72' title='bbox 247 1945 438 2009; x_wconf 84' lang='lat' dir='ltr'>Fridericus</span> <span class='ocrx_word' id='word_1_73' title='bbox 455 1945 490 2006; x_wconf 95' lang='lat' dir='ltr'>ll</span> <span class='ocrx_word' id='word_1_74' title='bbox 507 1945 572 2008; x_wconf 89' lang='lat' dir='ltr'>Dei</span> <span class='ocrx_word' id='word_1_75' title='bbox 587 1945 696 2030; x_wconf 83' lang='lat' dir='ltr'>gratia</span> <span class='ocrx_word' id='word_1_76' title='bbox 712 1945 938 2009; x_wconf 88' lang='lat' dir='ltr'>Romanorum</span> <span class='ocrx_word' id='word_1_77' title='bbox 955 1967 1013 2008; x_wconf 86' lang='lat' dir='ltr'>rex</span> <span class='ocrx_word' id='word_1_78' title='bbox 1030 1953 1064 2009; x_wconf 91' lang='lat' dir='ltr'>et</span> <span class='ocrx_word' id='word_1_79' title='bbox 1079 1967 1209 2031; x_wconf 87' lang='lat' dir='ltr'>semper</span> <span class='ocrx_word' id='word_1_80' title='bbox 1241 1949 1242 1954; x_wconf 73' lang='grc'>’</span> 
     </span>
     <span class='ocr_line' id='line_1_14' title="bbox 155 2047 1208 2137; baseline -0.001 -23"><span class='ocrx_word' id='word_1_81' title='bbox 155 2059 320 2137; x_wconf 83' lang='lat' dir='ltr'>augustus</span> <span class='ocrx_word' id='word_1_82' title='bbox 337 2057 371 2114; x_wconf 91' lang='lat' dir='ltr'>et</span> <span class='ocrx_word' id='word_1_83' title='bbox 386 2071 446 2112; x_wconf 85' lang='lat' dir='ltr'>rex</span> <span class='ocrx_word' id='word_1_84' title='bbox 464 2047 586 2123; x_wconf 81' lang='lat' dir='ltr'>Sicilie,</span> <span class='ocrx_word' id='word_1_85' title='bbox 604 2049 666 2113; x_wconf 91' lang='lat' dir='ltr'>tibi</span> <span class='ocrx_word' id='word_1_86' title='bbox 685 2048 820 2111; x_wconf 90' lang='lat' dir='ltr'>domino</span> <span class='ocrx_word' id='word_1_87' title='bbox 843 2070 917 2112; x_wconf 91' lang='lat' dir='ltr'>meo</span> <span class='ocrx_word' id='word_1_88' title='bbox 939 2050 1148 2114; x_wconf 90' lang='lat' dir='ltr'>sanctissimo</span> <span class='ocrx_word' id='word_1_89' title='bbox 1171 2072 1208 2113; x_wconf 90' lang='lat' dir='ltr'>ac</span> 
     </span>
    </p>
   </div>
   <div class='ocr_carea' id='block_1_7' title="bbox 152 2152 1210 3590">
    <p class='ocr_par' dir='ltr' id='par_1_8' title="bbox 152 2152 1210 3590">
     <span class='ocr_line' id='line_1_15' title="bbox 154 2152 1208 2240; baseline -0.001 -22"><span class='ocrx_word' id='word_1_90' title='bbox 154 2157 241 2240; x_wconf 88' lang='lat' dir='ltr'>patri</span> <span class='ocrx_word' id='word_1_91' title='bbox 258 2155 426 2217; x_wconf 89' lang='lat' dir='ltr'>carissimo</span> <span class='ocrx_word' id='word_1_92' title='bbox 443 2152 641 2216; x_wconf 87' lang='lat' dir='ltr'>innocentio</span> <span class='ocrx_word' id='word_1_93' title='bbox 657 2174 742 2237; x_wconf 90' lang='lat' dir='ltr'>pape</span> <span class='ocrx_word' id='word_1_94' title='bbox 759 2152 813 2214; x_wconf 92' lang='lat' dir='ltr'>Ill</span> <span class='ocrx_word' id='word_1_95' title='bbox 829 2154 965 2236; x_wconf 89' lang='lat' dir='ltr'>tuisque</span> <span class='ocrx_word' id='word_1_96' title='bbox 981 2154 1208 2218; x_wconf 82' lang='lat' dir='ltr'>sucessoribus</span> 
     </span>
     <span class='ocr_line' id='line_1_16' title="bbox 154 2256 1208 2342; baseline -0.001 -19"><span class='ocrx_word' id='word_1_97' title='bbox 154 2268 189 2323; x_wconf 89' lang='lat' dir='ltr'>ct</span> <span class='ocrx_word' id='word_1_98' title='bbox 205 2259 353 2322; x_wconf 88' lang='lat' dir='ltr'>Ecclesic</span> <span class='ocrx_word' id='word_1_99' title='bbox 378 2258 536 2331; x_wconf 86' lang='lat' dir='ltr'>Romane,</span> <span class='ocrx_word' id='word_1_100' title='bbox 553 2257 763 2341; x_wconf 85' lang='lat' dir='ltr'>presentibus</span> <span class='ocrx_word' id='word_1_101' title='bbox 786 2256 980 2340; x_wconf 86' lang='lat' dir='ltr'>subscriptis</span> <span class='ocrx_word' id='word_1_102' title='bbox 1003 2258 1208 2342; x_wconf 89' lang='lat' dir='ltr'>principibus</span> 
     </span>
     <span class='ocr_line' id='line_1_17' title="bbox 152 2361 1210 2448; baseline -0.001 -22"><span class='ocrx_word' id='word_1_103' title='bbox 152 2365 284 2448; x_wconf 91' lang='lat' dir='ltr'>imperii</span> <span class='ocrx_word' id='word_1_104' title='bbox 312 2370 347 2426; x_wconf 91' lang='lat' dir='ltr'>et</span> <span class='ocrx_word' id='word_1_105' title='bbox 369 2361 546 2435; x_wconf 89' lang='lat' dir='ltr'>nobilibus,</span> <span class='ocrx_word' id='word_1_106' title='bbox 570 2361 728 2444; x_wconf 84' lang='lat' dir='ltr'>spondeo,</span> <span class='ocrx_word' id='word_1_107' title='bbox 752 2361 913 2445; x_wconf 89' lang='lat' dir='ltr'>polliceor</span> <span class='ocrx_word' id='word_1_108' title='bbox 936 2369 971 2425; x_wconf 91' lang='lat' dir='ltr'>et</span> <span class='ocrx_word' id='word_1_109' title='bbox 992 2363 1151 2446; x_wconf 86' lang='lat' dir='ltr'>promitto</span> <span class='ocrx_word' id='word_1_110' title='bbox 1175 2371 1210 2426; x_wconf 93' lang='lat' dir='ltr'>et</span> 
     </span>
     <span class='ocr_line' id='line_1_18' title="bbox 153 2465 1208 2553; baseline -0.002 -22"><span class='ocrx_word' id='word_1_111' title='bbox 153 2469 227 2553; x_wconf 87' lang='lat' dir='ltr'>juro</span> <span class='ocrx_word' id='word_1_112' title='bbox 245 2466 337 2551; x_wconf 89' lang='lat' dir='ltr'>quod</span> <span class='ocrx_word' id='word_1_113' title='bbox 360 2488 473 2530; x_wconf 91' lang='lat' dir='ltr'>omnes</span> <span class='ocrx_word' id='word_1_114' title='bbox 496 2467 729 2549; x_wconf 89' lang='lat' dir='ltr'>possessiones,</span> <span class='ocrx_word' id='word_1_115' title='bbox 745 2465 888 2529; x_wconf 88' lang='lat' dir='ltr'>honores</span> <span class='ocrx_word' id='word_1_116' title='bbox 912 2474 946 2529; x_wconf 90' lang='lat' dir='ltr'>et</span> <span class='ocrx_word' id='word_1_117' title='bbox 968 2466 1042 2549; x_wconf 89' lang='lat' dir='ltr'>jura</span> <span class='ocrx_word' id='word_1_118' title='bbox 1066 2467 1208 2530; x_wconf 88' lang='lat' dir='ltr'>Romani</span> 
     </span>
     <span class='ocr_line' id='line_1_19' title="bbox 154 2568 1208 2655; baseline -0.002 -21"><span class='ocrx_word' id='word_1_119' title='bbox 154 2572 304 2636; x_wconf 87' lang='lat' dir='ltr'>Ecclesie</span> <span class='ocrx_word' id='word_1_120' title='bbox 321 2591 493 2655; x_wconf 89' lang='lat' dir='ltr'>proposse</span> <span class='ocrx_word' id='word_1_121' title='bbox 511 2591 583 2633; x_wconf 87' lang='lat' dir='ltr'>mco</span> <span class='ocrx_word' id='word_1_122' title='bbox 606 2569 693 2632; x_wconf 88' lang='lat' dir='ltr'>bona</span> <span class='ocrx_word' id='word_1_123' title='bbox 716 2568 781 2633; x_wconf 90' lang='lat' dir='ltr'>fide</span> <span class='ocrx_word' id='word_1_124' title='bbox 805 2575 978 2655; x_wconf 85' lang='lat' dir='ltr'>protegam</span> <span class='ocrx_word' id='word_1_125' title='bbox 1003 2578 1037 2633; x_wconf 90' lang='lat' dir='ltr'>et</span> <span class='ocrx_word' id='word_1_126' title='bbox 1058 2570 1208 2634; x_wconf 81' lang='lat' dir='ltr'>servabo</span> 
     </span>
     <span class='ocr_line' id='line_1_20' title="bbox 154 2673 1209 2759; baseline -0.001 -20"><span class='ocrx_word' id='word_1_127' title='bbox 154 2675 386 2739; x_wconf 89' lang='lat' dir='ltr'>Possessiones</span> <span class='ocrx_word' id='word_1_128' title='bbox 408 2682 521 2737; x_wconf 88' lang='lat' dir='ltr'>autem</span> <span class='ocrx_word' id='word_1_129' title='bbox 545 2695 627 2757; x_wconf 88' lang='lat' dir='ltr'>quas</span> <span class='ocrx_word' id='word_1_130' title='bbox 652 2673 803 2737; x_wconf 82' lang='lat' dir='ltr'>Ecclesia</span> <span class='ocrx_word' id='word_1_131' title='bbox 827 2674 975 2737; x_wconf 89' lang='lat' dir='ltr'>Romana</span> <span class='ocrx_word' id='word_1_132' title='bbox 998 2676 1209 2759; x_wconf 88' lang='lat' dir='ltr'>recuperavit</span> 
     </span>
     <span class='ocr_line' id='line_1_21' title="bbox 152 2777 1210 2862; baseline -0.003 -19"><span class='ocrx_word' id='word_1_133' title='bbox 152 2780 273 2844; x_wconf 88' lang='lat' dir='ltr'>liberas</span> <span class='ocrx_word' id='word_1_134' title='bbox 291 2788 326 2843; x_wconf 91' lang='lat' dir='ltr'>et</span> <span class='ocrx_word' id='word_1_135' title='bbox 342 2779 472 2862; x_wconf 90' lang='lat' dir='ltr'>quietas</span> <span class='ocrx_word' id='word_1_136' title='bbox 489 2777 551 2841; x_wconf 89' lang='lat' dir='ltr'>sibi</span> <span class='ocrx_word' id='word_1_137' title='bbox 567 2777 745 2854; x_wconf 85' lang='lat' dir='ltr'>dimittam,</span> <span class='ocrx_word' id='word_1_138' title='bbox 762 2785 797 2841; x_wconf 90' lang='lat' dir='ltr'>et</span> <span class='ocrx_word' id='word_1_139' title='bbox 812 2778 917 2861; x_wconf 88' lang='lat' dir='ltr'>ipsam</span> <span class='ocrx_word' id='word_1_140' title='bbox 933 2777 1047 2842; x_wconf 88' lang='lat' dir='ltr'>adeas</span> <span class='ocrx_word' id='word_1_141' title='bbox 1066 2780 1210 2843; x_wconf 87' lang='lat' dir='ltr'>retinen-</span> 
     </span>
     <span class='ocr_line' id='line_1_22' title="bbox 153 2881 1207 2967; baseline -0.002 -19"><span class='ocrx_word' id='word_1_142' title='bbox 153 2884 211 2948; x_wconf 90' lang='lat' dir='ltr'>das</span> <span class='ocrx_word' id='word_1_143' title='bbox 228 2883 395 2948; x_wconf 91' lang='lat' dir='ltr'>bonafide</span> <span class='ocrx_word' id='word_1_144' title='bbox 412 2882 553 2967; x_wconf 82' lang='lat' dir='ltr'>juvab03</span> <span class='ocrx_word' id='word_1_145' title='bbox 578 2903 660 2965; x_wconf 90' lang='lat' dir='ltr'>quas</span> <span class='ocrx_word' id='word_1_146' title='bbox 677 2888 790 2945; x_wconf 90' lang='lat' dir='ltr'>autem</span> <span class='ocrx_word' id='word_1_147' title='bbox 813 2881 964 2944; x_wconf 92' lang='lat' dir='ltr'>nondum</span> <span class='ocrx_word' id='word_1_148' title='bbox 987 2885 1207 2966; x_wconf 87' lang='lat' dir='ltr'>recuperavit,</span> 
     </span>
     <span class='ocr_line' id='line_1_23' title="bbox 153 2986 1210 3074; baseline -0.002 -23"><span class='ocrx_word' id='word_1_149' title='bbox 153 2988 286 3074; x_wconf 88' lang='lat' dir='ltr'>adjutor</span> <span class='ocrx_word' id='word_1_150' title='bbox 308 3010 364 3052; x_wconf 87' lang='lat' dir='ltr'>ero</span> <span class='ocrx_word' id='word_1_151' title='bbox 387 2987 430 3050; x_wconf 91' lang='lat' dir='ltr'>ad</span> <span class='ocrx_word' id='word_1_152' title='bbox 452 2986 718 3070; x_wconf 85' lang='lat' dir='ltr'>recuperandum</span> <span class='ocrx_word' id='word_1_153' title='bbox 741 2994 776 3050; x_wconf 90' lang='lat' dir='ltr'>et</span> <span class='ocrx_word' id='word_1_154' title='bbox 798 2995 1070 3071; x_wconf 86' lang='lat' dir='ltr'>recuperatarum</span> <span class='ocrx_word' id='word_1_155' title='bbox 1092 3009 1210 3052; x_wconf 90' lang='lat' dir='ltr'>secun-</span> 
     </span>
     <span class='ocr_line' id='line_1_24' title="bbox 153 3089 1209 3176; baseline 0 -21"><span class='ocrx_word' id='word_1_156' title='bbox 153 3092 234 3156; x_wconf 94' lang='lat' dir='ltr'>dum</span> <span class='ocrx_word' id='word_1_157' title='bbox 254 3115 349 3176; x_wconf 88' lang='lat' dir='ltr'>posse</span> <span class='ocrx_word' id='word_1_158' title='bbox 369 3113 481 3155; x_wconf 90' lang='lat' dir='ltr'>meum</span> <span class='ocrx_word' id='word_1_159' title='bbox 505 3113 560 3154; x_wconf 92' lang='lat' dir='ltr'>ero</span> <span class='ocrx_word' id='word_1_160' title='bbox 583 3092 654 3155; x_wconf 88' lang='lat' dir='ltr'>sine</span> <span class='ocrx_word' id='word_1_161' title='bbox 678 3089 795 3154; x_wconf 83' lang='lat' dir='ltr'>fraude</span> <span class='ocrx_word' id='word_1_162' title='bbox 820 3089 984 3165; x_wconf 87' lang='lat' dir='ltr'>defensor,</span> <span class='ocrx_word' id='word_1_163' title='bbox 1002 3099 1036 3155; x_wconf 91' lang='lat' dir='ltr'>et</span> <span class='ocrx_word' id='word_1_164' title='bbox 1052 3113 1209 3175; x_wconf 91' lang='lat' dir='ltr'>quecum-</span> 
     </span>
     <span class='ocr_line' id='line_1_25' title="bbox 153 3194 1207 3281; baseline -0.001 -21"><span class='ocrx_word' id='word_1_165' title='bbox 153 3219 217 3281; x_wconf 90' lang='lat' dir='ltr'>que</span> <span class='ocrx_word' id='word_1_166' title='bbox 237 3197 278 3260; x_wconf 90' lang='lat' dir='ltr'>ad</span> <span class='ocrx_word' id='word_1_167' title='bbox 295 3218 413 3260; x_wconf 89' lang='lat' dir='ltr'>manus</span> <span class='ocrx_word' id='word_1_168' title='bbox 427 3217 517 3259; x_wconf 86' lang='lat' dir='ltr'>meas</span> <span class='ocrx_word' id='word_1_169' title='bbox 530 3195 721 3270; x_wconf 85' lang='lat' dir='ltr'>devenient,</span> <span class='ocrx_word' id='word_1_170' title='bbox 734 3196 804 3259; x_wconf 91' lang='lat' dir='ltr'>sine</span> <span class='ocrx_word' id='word_1_171' title='bbox 819 3194 1017 3258; x_wconf 89' lang='lat' dir='ltr'>difficultate</span> <span class='ocrx_word' id='word_1_172' title='bbox 1030 3197 1207 3260; x_wconf 84' lang='lat' dir='ltr'>restituere</span> 
     </span>
     <span class='ocr_line' id='line_1_26' title="bbox 152 3299 1208 3386; baseline -0.001 -22"><span class='ocrx_word' id='word_1_173' title='bbox 152 3301 345 3386; x_wconf 90' lang='lat' dir='ltr'>procurabo.</span> <span class='ocrx_word' id='word_1_174' title='bbox 388 3300 445 3362; x_wconf 89' lang='lat' dir='ltr'>Ad</span> <span class='ocrx_word' id='word_1_175' title='bbox 460 3300 518 3362; x_wconf 90' lang='lat' dir='ltr'>has</span> <span class='ocrx_word' id='word_1_176' title='bbox 535 3300 680 3382; x_wconf 87' lang='lat' dir='ltr'>pertinet</span> <span class='ocrx_word' id='word_1_177' title='bbox 695 3306 767 3361; x_wconf 91' lang='lat' dir='ltr'>tota</span> <span class='ocrx_word' id='word_1_178' title='bbox 783 3307 870 3362; x_wconf 84' lang='lat' dir='ltr'>terra</span> <span class='ocrx_word' id='word_1_179' title='bbox 887 3320 952 3383; x_wconf 90' lang='lat' dir='ltr'>que</span> <span class='ocrx_word' id='word_1_180' title='bbox 969 3307 1020 3362; x_wconf 91' lang='lat' dir='ltr'>est</span> <span class='ocrx_word' id='word_1_181' title='bbox 1035 3321 1054 3362; x_wconf 89' lang='lat' dir='ltr'>a</span> <span class='ocrx_word' id='word_1_182' title='bbox 1070 3299 1208 3363; x_wconf 87' lang='lat' dir='ltr'>Radico·</span> 
     </span>
     <span class='ocr_line' id='line_1_27' title="bbox 152 3402 1207 3489; baseline -0.002 -21"><span class='ocrx_word' id='word_1_183' title='bbox 152 3405 231 3468; x_wconf 83' lang='lat' dir='ltr'>fano</span> <span class='ocrx_word' id='word_1_184' title='bbox 246 3427 352 3488; x_wconf 90' lang='lat' dir='ltr'>usque</span> <span class='ocrx_word' id='word_1_185' title='bbox 366 3404 587 3488; x_wconf 83' lang='lat' dir='ltr'>Ceperanum,</span> <span class='ocrx_word' id='word_1_186' title='bbox 601 3402 801 3466; x_wconf 87' lang='lat' dir='ltr'>exarchatus</span> <span class='ocrx_word' id='word_1_187' title='bbox 818 3403 987 3489; x_wconf 80' lang='lat' dir='ltr'>Ravenna,</span> <span class='ocrx_word' id='word_1_188' title='bbox 1002 3402 1207 3487; x_wconf 87' lang='lat' dir='ltr'>Pentapolis,</span> 
     </span>
     <span class='ocr_line' id='line_1_28' title="bbox 153 3505 1207 3590; baseline 0.001 -19"><span class='ocrx_word' id='word_1_189' title='bbox 153 3509 300 3572; x_wconf 88' lang='lat' dir='ltr'>marchia</span> <span class='ocrx_word' id='word_1_190' title='bbox 313 3509 537 3583; x_wconf 86' lang='lat' dir='ltr'>Anconitana,</span> <span class='ocrx_word' id='word_1_191' title='bbox 552 3507 693 3570; x_wconf 87' lang='lat' dir='ltr'>ducatus</span> <span class='ocrx_word' id='word_1_192' title='bbox 710 3505 922 3590; x_wconf 84' lang='lat' dir='ltr'>Spolctanus‚</span> <span class='ocrx_word' id='word_1_193' title='bbox 935 3514 1023 3571; x_wconf 89' lang='lat' dir='ltr'>terra</span> <span class='ocrx_word' id='word_1_194' title='bbox 1040 3508 1207 3572; x_wconf 89' lang='lat' dir='ltr'>comitisse</span> 
     </span>
    </p>
   </div>
   <div class='ocr_carea' id='block_1_8' title="bbox 152 3661 1206 3795">
    <p class='ocr_par' dir='ltr' id='par_1_9' title="bbox 152 3661 1206 3795">
     <span class='ocr_line' id='line_1_29' title="bbox 197 3661 1206 3723; baseline -0.001 -11"><span class='ocrx_word' id='word_1_195' title='bbox 197 3662 206 3695; x_wconf 90' lang='lat'>1</span> <span class='ocrx_word' id='word_1_196' title='bbox 220 3663 356 3722; x_wconf 87' lang='lat' dir='ltr'>Compare</span> <span class='ocrx_word' id='word_1_197' title='bbox 368 3663 435 3711; x_wconf 86' lang='lat' dir='ltr'>cath</span> <span class='ocrx_word' id='word_1_198' title='bbox 447 3662 480 3710; x_wconf 78' lang='lat' dir='ltr'>cf</span> <span class='ocrx_word' id='word_1_199' title='bbox 492 3662 643 3710; x_wconf 80' lang='lat' dir='ltr'>Frederick</span> <span class='ocrx_word' id='word_1_200' title='bbox 655 3666 686 3710; x_wconf 83' lang='lat' dir='ltr'>to</span> <span class='ocrx_word' id='word_1_201' title='bbox 699 3661 840 3710; x_wconf 89' lang='lat' dir='ltr'>Honorius</span> <span class='ocrx_word' id='word_1_202' title='bbox 853 3661 904 3709; x_wconf 86' lang='lat'>111.</span> <span class='ocrx_word' id='word_1_203' title='bbox 920 3662 948 3709; x_wconf 90' lang='lat' dir='ltr'>in</span> <span class='ocrx_word' id='word_1_204' title='bbox 963 3664 1032 3710; x_wconf 82' lang='grc'><strong>1219.</strong></span> <span class='ocrx_word' id='word_1_205' title='bbox 1067 3662 1104 3711; x_wconf 92' lang='grc' dir='ltr'>Μ.</span> <span class='ocrx_word' id='word_1_206' title='bbox 1118 3662 1149 3711; x_wconf 88' lang='lat' dir='ltr'>G.</span> <span class='ocrx_word' id='word_1_207' title='bbox 1163 3663 1206 3723; x_wconf 80' lang='lat' dir='ltr'>H,</span> 
     </span>
     <span class='ocr_line' id='line_1_30' title="bbox 152 3746 328 3795; baseline -0.011 0"><span class='ocrx_word' id='word_1_208' title='bbox 152 3747 206 3795; x_wconf 89' lang='lat' dir='ltr'>LL.</span> <span class='ocrx_word' id='word_1_209' title='bbox 219 3746 255 3794; x_wconf 89' lang='lat' dir='ltr'>II.</span> <span class='ocrx_word' id='word_1_210' title='bbox 271 3747 328 3794; x_wconf 80' lang='lat'><strong>232.</strong></span> 
     </span>
    </p>
   </div>
   <div class='ocr_carea' id='block_1_9' title="bbox 0 0 1388 4268">
    <p class='ocr_par' dir='ltr' id='par_1_10' title="bbox 0 0 1388 4268">
     <span class='ocr_line' id='line_1_31' title="bbox 0 0 1388 4268; baseline 0 1"><span class='ocrx_word' id='word_1_211' title='bbox 0 0 1388 4268; x_wconf 95' lang='lat' dir='ltr'> </span> 
     </span>
    </p>
   </div>
  </div>
 </body>
</html>
