2768 4268
295 361 431 408 rumor)
454 361 500 408 or
522 363 597 408 run
619 363 861 411 raanoonmn
884 363 1089 412 rnrraoas.
1175 347 1218 411 65

163 529 205 592 lis
232 551 316 614 papa
343 530 519 594 resedisset
543 553 621 595 oum
649 531 905 616 archiepiscopis
929 541 964 597 et
987 533 1159 616 episcopia,
1184 541 1219 596 et

162 633 387 698 cardinalibus
418 642 453 698 et
483 634 666 711 abbatibuS,
695 645 729 699 et
756 637 847 700 varia
876 636 1093 700 multitudine
1126 638 1219 702 cleri-

162 759 279 800 corum
310 746 344 801 et
374 738 544 813 laicorum,
576 739 695 802 ultima
725 739 778 803 die
811 741 953 816 concilii,
986 740 1076 804 facta
1107 763 1215 805 coram

164 840 317 904 omnibus
347 841 551 926 professione
583 843 748 908 catholice
780 843 867 919 fidei,
900 866 941 909 ne
974 846 1050 929 quis
1081 844 1121 909 de
1153 845 1217 910 fide

162 945 266 1028 ipsius
301 944 471 1010 dubitaret
501 945 607 1010 dixit:
640 948 868 1032 “Amplector
902 970 1034 1013 omnem
1068 949 1216 1013 divinam

161 1049 372 1133 scripturam,
400 1050 530 1115 scilicet
560 1051 682 1115 veteris
706 1060 741 1115 et
763 1052 841 1116 novi
873 1053 1076 1128 testamenti,
1107 1054 1217 1139 legem

163 1176 183 1218 a
206 1154 323 1240 Moyse
346 1156 514 1239 scriptam,
538 1163 572 1219 et
594 1177 614 1218 a
636 1158 759 1220 sanctis
787 1156 967 1241 prophetis
1021 1157 1217 1241 Amplector

163 1267 308 1342 quatuor
324 1259 507 1345 evangelia,
523 1267 651 1342 septem
675 1261 850 1324 canonicas
874 1261 1042 1344 epistolas
1060 1262 1216 1344 epistolas

162 1363 300 1448 gloriosi
324 1362 469 1426 doctoris
493 1363 581 1427 beati
606 1363 705 1427 Pauli
732 1365 885 1448 apostoli,
909 1372 1041 1428 sanctos
1073 1386 1216 1429 canones

162 1475 355 1531 sanctorum
385 1467 623 1551 apostolorum,
655 1476 801 1552 quatuor
831 1469 1032 1532 universalia
1064 1469 1215 1544 concilia,

162 1573 253 1634 sicut
269 1571 612 1655 quatuor'evangelia,
627 1570 803 1647 Nicenum,
821 1571 1037 1656 Ephesinum,
1056 1571 1216 1635 Constan-

163 1676 435 1759 tinopolitanum,
460 1673 752 1750 Calcedonenscrn,
777 1683 811 1739 et
836 1675 1087 1739 Antiochenum
1111 1677 1218 1740 conci-

163 1780 257 1853 lium,
273 1786 308 1841 et
331 1777 463 1842 decreta
486 1785 676 1841 sanctorum
700 1786 843 1863 patrum,
861 1779 1088 1843 Romanorum
1110 1781 1217 1864 ponti-

164 1884 275 1957 ficum,
298 1888 333 1946 et
355 1882 512 1965 precipue
537 1881 663 1945 domini
694 1883 759 1946 mei
786 1904 870 1967 pape
895 1882 1049 1969 Gregorii
1077 1882 1158 1958 VII,
1182 1891 1217 1948 et

164 1988 252 2053 beati
269 1989 423 2052 memorie
440 2009 523 2071 pape
542 1985 671 2050 Urbani
685 1986 834 2050 secundi.
881 1985 955 2064 Que
972 1987 1037 2070 ipsi
1060 1987 1217 2051 laudave-

164 2101 254 2168 runt,
270 2092 386 2167 laudo;
411 2113 476 2176 que
493 2097 687 2165 tenuerunt,
700 2097 817 2165 teneo;
842 2112 907 2174 que
924 2091 1214 2167 confirmaverunt,

164 2198 342 2272 confirmo;
373 2218 438 2280 que
469 2195 747 2279 dampnaverunt,
775 2194 938 2278 dampno;
969 2215 1034 2278 que
1065 2196 1217 2280 reppule-

164 2308 255 2376 runt,
278 2301 424 2385 repello;
455 2322 519 2384 que
544 2298 803 2374 interdixerunt,
827 2298 1011 2374 interdico;
1043 2321 1108 2383 que
1133 2300 1217 2383 proi-

163 2404 320 2480 buerunt,
344 2403 497 2488 proibeo;
520 2404 556 2466 in
579 2401 732 2465 omnibus
755 2409 791 2467 et
812 2424 871 2486 per
893 2403 1023 2478 omnia;
1047 2405 1139 2467 etin
1163 2403 1215 2468 his

162 2530 294 2592 semper
324 2506 571 2592 perseverabo.’'
633 2505 763 2584 Quibus
795 2506 948 2590 expletis
979 2509 1126 2571 surrexit
1155 2529 1215 2591 pro

162 2612 317 2676 omnibus
342 2611 506 2674 Girardus
532 2610 782 2696 lngolismensis
806 2610 991 2694 episeopus,
1015 2611 1148 2696 legatus
1179 2613 1215 2674 in

165 2716 362 2799 Aquitania,
378 2723 413 2779 et
435 2715 604 2779 communi
628 2735 765 2777 assensu
788 2713 913 2776 domini
937 2714 1107 2778 Paschalis
1130 2737 1214 2800 pape

163 2820 337 2902 totiusque
349 2819 483 2883 concilii
499 2839 609 2882 coram
622 2817 774 2881 omnibus
793 2818 877 2903 legit
892 2818 978 2881 hanc
994 2820 1213 2902 scripturam:

164 2923 417 3008 “Privilegium
439 2921 527 2985 illud
549 2921 639 3005 quod
663 2942 730 2984 non
750 2928 801 2984 est
820 2922 1045 3007 privilegium,
1061 2922 1120 2986 sed
1137 2945 1214 2987 vere

163 3026 264 3091 debet
286 3026 352 3090 dici
382 3026 614 3112 pravilegium,
638 3047 698 3109 pro
729 3025 925 3089 liberatione
949 3027 1158 3109 captivorum
1181 3037 1216 3090 et

163 3132 301 3195 ecclesie
325 3153 345 3194 a
367 3130 502 3194 domino
525 3151 609 3213 papa
636 3151 694 3212 per
718 3130 912 3192 violentiam
946 3129 1095 3194 Heinrici
1126 3133 1215 3217 regis

163 3246 346 3313 extortum,
359 3259 418 3301 nos
435 3258 549 3300 omnes
566 3237 599 3298 in
617 3236 679 3300 hoc
696 3243 812 3300 sancto
829 3237 971 3300 concilio
988 3259 1063 3300 cum
1081 3237 1215 3302 domino

165 3343 319 3407 Paschali
335 3364 421 3426 papa
437 3341 640 3427 congregati,
655 3342 847 3404 canonicam
864 3362 1047 3416 censuram,
1065 3349 1098 3405 et
1114 3343 1216 3406 eecle-

163 3448 296 3510 siastica
319 3446 517 3510 auctoritate
540 3444 665 3529 judicio
689 3445 796 3507 sancti
820 3442 965 3527 Spiritus
985 3444 1215 3529 dampnamus,

164 3560 199 3615 et
223 3552 355 3614 irritum
377 3572 447 3614 esse
475 3548 672 3633 judicamus,
697 3554 798 3632 atque
822 3548 956 3611 omnino
980 3570 1156 3625 cassamus,
1181 3552 1222 3614 et'

164 3676 206 3719 ne
230 3654 313 3738 quid
339 3654 549 3717 auctoritatis
572 3660 607 3716 et
630 3651 836 3715 efficacitatis
867 3651 972 3727 abeat,
996 3654 1131 3735 penitus
1163 3676 1217 3717 ex·

164 3759 458 3823 communicamus.
506 3757 550 3820 Et
574 3756 635 3819 hoc
659 3755 734 3819 ideo
759 3755 975 3839 dampnatum
998 3766 1058 3832 est,
1078 3759 1158 3841 quia
1180 3759 1215 3820 in
