2768 4268
177 319 219 382 92
397 335 530 382 SELECT
552 334 758 381 MEDIAEVAL
781 334 1009 382 DOCUMENTS.

176 504 316 590 gandae,
344 511 471 568 remoto
500 504 590 567 omni
620 504 762 567 seculari
792 503 927 588 judicio,
953 511 1168 580 vocaverunt,
1196 512 1231 570 et

177 608 269 692 quod
293 607 466 671 Rolandus
490 607 707 671 cancellarius
731 615 765 670 et
785 609 838 670 sui
854 607 1038 670 cardinales
1054 609 1132 672 viva
1147 630 1229 673 voce

177 721 211 776 et
229 734 283 776 ore
308 712 451 796 proprio,
468 711 631 796 judicium
649 711 703 774 vel
726 731 866 774 examen
889 710 1027 795 aliquod
1050 713 1229 777 aecclesiae

176 840 210 881 se
236 817 325 881 nolle
350 817 506 900 recipere,
530 814 704 878 manifeste
729 814 900 878 dixerunt.
947 814 1104 879 Vidimus
1128 817 1230 880 etiam

176 923 300 1005 scripta
329 920 481 984 Heinrici
507 920 620 983 Pisani
643 919 821 1010 cardinalis
844 919 888 982 ad
910 919 1071 982 domnum
1094 920 1231 1004 impera-

176 1034 282 1089 torem
309 1024 444 1100 directa,
472 1026 507 1087 in
535 1025 657 1108 quibus
685 1045 840 1107 expresse
868 1023 1112 1099 continebatur,
1138 1023 1231 1108 quod

176 1131 310 1193 nullum
330 1130 458 1194 vellent
480 1130 660 1193 aecclesiae
684 1129 795 1193 subire
818 1130 977 1214 judiciam
1001 1131 1056 1193 vel
1079 1151 1229 1193 examen.

178 1232 286 1317 Super
311 1233 392 1297 haec
419 1235 530 1296 onmia
556 1234 646 1296 idem
672 1233 852 1297 Heinricus
880 1243 914 1297 et
943 1232 1027 1297 Otto
1052 1234 1230 1299 cardinalis

177 1337 292 1402 Sancti
315 1338 456 1423 Nycolai
481 1337 521 1401 de
547 1336 688 1401 Carcere
714 1338 883 1413 Tulliano,
901 1339 960 1421 qui
982 1346 1131 1423 tempore
1155 1346 1237 1403 con-⁶

177 1443 245 1506 cilii
276 1450 311 1506 et
340 1450 417 1506 ante
450 1449 532 1525 aput
563 1442 709 1505 danuam
739 1442 963 1518 morabantur,
995 1451 1030 1507 et
1060 1443 1231 1509 Johannes

176 1547 378 1632 Anagninus
409 1546 584 1610 cardinalis
618 1554 652 1610 et
687 1546 858 1610 Jolrannes
897 1546 1058 1610 Piczutus
1095 1555 1230 1613 sanctae

177 1651 345 1715 Romanae
357 1651 536 1714 aecclesiae
549 1649 754 1725 subdiaconi,
766 1651 824 1733 qui
835 1658 916 1714 tunc
927 1659 1009 1734 aput
1022 1651 1230 1716 Placentiam

177 1763 282 1830 erant,
299 1777 358 1838 per
379 1755 397 1818 8
422 1755 493 1818 dies
516 1776 535 1817 a
558 1755 700 1818 concilio
724 1761 795 1817 toto
819 1762 900 1819 sunt
922 1757 1091 1838 expectati
1115 1763 1150 1820 et
1171 1778 1230 1840 per

175 1860 305 1923 litteras
322 1881 359 1922 ac
376 1860 517 1922 nuncios
534 1859 667 1922 concilii
683 1866 763 1921 sunt
775 1861 896 1934 vocati,
908 1867 943 1923 et
957 1867 1231 1944 contempserunt

176 1964 299 2027 venire.
347 1963 399 2026 Ex
422 1963 474 2026 his
498 1963 602 2048 igitur
619 1963 770 2026 omnibus
793 1962 998 2028 sufficienter
1021 1965 1179 2028 instructi
1195 1971 1231 2029 et

176 2069 319 2131 veritate
335 2067 414 2130 hinc
437 2066 515 2131 inde
536 2063 684 2150 plenarie
709 2066 887 2143 declarata,
903 2069 1032 2152 placuit
1046 2067 1230 2133 reverendo

177 2172 329 2247 concilio,
346 2180 385 2235 ut
401 2172 522 2235 electio
538 2170 652 2234 domni
669 2171 827 2246 Victoris
845 2173 905 2254 qui
927 2153 1100 2255 tamquam
1123 2194 1230 2258 agnus

177 2283 371 2338 mansuetus
388 2283 423 2339 et
446 2276 604 2338 innocens
628 2282 766 2338 venerat
788 2276 966 2340 aecclesiae
990 2276 1149 2360 judiciam
1172 2275 1232 2339 hu·

177 2380 302 2443 militer
327 2386 555 2462 suscepturae,
581 2379 818 2463 approbaretur
846 2387 881 2443 et
907 2380 1167 2455 confirmaretur,
1195 2385 1232 2445 et'

177 2484 297 2547 electio
315 2483 459 2546 Rolandi
475 2484 609 2566 penitus
633 2490 830 2547 cassaretur.
877 2483 923 2547 Et
944 2483 1073 2547 factum
1097 2493 1148 2548 est
1171 2484 1230 2548 ita.

178 2588 353 2651 Electione
376 2589 490 2670 itaque
515 2587 630 2650 domni
650 2586 808 2662 Victoris,
825 2595 952 2651 remoto
976 2589 1066 2651 omni
1088 2589 1231 2652 seculari

176 2691 313 2777 judicic,
337 2692 444 2755 sancti
473 2690 618 2774 Spiritus
645 2693 753 2776 gratia
780 2692 944 2767 invocata,
973 2693 1167 2756 confirmata
1196 2700 1232 2757 et

177 2803 319 2879 recepta,
333 2795 627 2858 christianissimus
644 2797 822 2879 imperator
838 2803 914 2879 post
930 2818 1043 2860 omnes
1059 2797 1232 2881 episcopos

177 2907 304 2984 etpost
320 2921 452 2963 omnem
469 2901 596 2963 clerum
613 2900 762 2975 ultimuS,
780 2901 919 2963 consilio
943 2908 978 2964 et
1000 2902 1133 2984 petione
1157 2922 1232 2964 con-

177 3005 246 3068 cilii
263 3005 461 3068 electionem
477 3003 592 3066 domni
609 3003 756 3067 Victoris
772 3006 899 3087 recepit
917 3011 952 3068 et
975 3004 1180 3089 approbavit,
1197 3012 1233 3069 et

177 3116 253 3193 post
277 3130 355 3171 eum
379 3130 493 3172 omnes
520 3109 687 3192 principes
716 3116 751 3172 et
776 3108 1030 3172 innumerabilis
1057 3109 1231 3173 hominum

177 3212 361 3275 multitudo
378 3234 463 3296 quae
487 3233 622 3296 presens
645 3220 724 3287 erat,
742 3212 847 3275 tribus
865 3213 992 3276 vicibus
1015 3214 1231 3299 interrogata,

178 3318 206 3379 si
242 3317 289 3380 eis
320 3317 477 3400 placeret,
509 3316 682 3400 respondit
713 3338 789 3380 cum
820 3316 944 3402 grandio
975 3338 1097 3403 magna
1127 3339 1230 3382 voce:

180 3420 336 3484 ‘Placet’
384 3420 545 3504 Sequenti
562 3421 615 3485 die
632 3423 793 3505 proxima,
804 3420 840 3483 id
856 3428 907 3484 est
922 3423 1027 3505 prima
1042 3430 1137 3486 sexta
1147 3421 1232 3485 feria

179 3525 462 3610 quadragesimae,
479 3525 621 3589 domnus
637 3525 758 3588 Victor
774 3547 851 3588 cum
869 3527 1076 3609 processione
1100 3526 1141 3590 ab
1163 3547 1233 3590 aec·

179 3630 279 3693 clesia
303 3628 418 3693 Sancti
442 3628 624 3693 Salvatoris
648 3638 743 3693 extra
766 3631 947 3705 civitatem,
971 3631 1006 3692 in
1031 3651 1098 3714 qua
1119 3629 1234 3694 fuerat

178 3733 364 3818 hospicium
393 3734 474 3817 ejus,
501 3733 543 3795 ad
568 3733 767 3797 catholicam
794 3735 987 3798 aecclesiam
1013 3735 1157 3820 gloriose
1180 3733 1233 3798 de·
