2768 4268
405 310 479 356 rrm
503 310 803 358 noenusraurnn
826 312 972 360 1111111.
1157 301 1218 367 147

164 479 251 544 idem
279 487 392 544 tamen
420 478 602 543 Pharaonis
629 479 781 542 inritatus
809 479 971 544 duriciam
999 489 1034 545 et
1060 481 1219 549 obturans

164 606 253 649 more
284 583 408 668 aspidis
434 604 530 646 aures
556 603 643 658 suas,
671 583 863 667 hujusmodi
889 606 1002 668 preces
1031 594 1066 650 et
1091 588 1220 652 monita

164 690 253 753 elata
280 687 502 752 obstinatione
530 708 568 751 ac
594 686 761 750 obstinata
789 687 934 752 elatione
964 688 1127 774 despexit.
1174 692 1220 756 Et

164 793 245 857 licet
269 813 426 876 processu
452 791 610 874 temporis
637 792 673 852 in
701 790 755 854 die
785 791 875 856 Cene
904 791 1040 856 Domini
1067 795 1218 878 proximo

165 918 273 982 nuper
295 896 487 980 preteritum
515 895 723 979 precedente,
750 917 858 959 coram
883 898 978 962 nobis
1002 907 1036 962 et
1058 898 1219 964 fratribus

164 1001 288 1065 nostris
315 1000 548 1077 cardinalibus,
570 1000 780 1085 presentibus
808 1001 1000 1065 charissimo
1024 1005 1059 1065 in
1083 1002 1219 1067 Christo

164 1105 234 1169 filio
251 1113 363 1169 nostro
381 1104 755 1189 Constantinopolitano
772 1106 969 1189 imperatore
990 1107 1124 1181 illustri,
1141 1115 1218 1171 cetu

165 1232 300 1296 quoque
317 1232 386 1275 non
402 1210 531 1275 modico
552 1211 768 1295 prelatorum,
785 1212 995 1276 senatoribus
1006 1232 1140 1295 quoquc
1165 1233 1220 1295 po

165 1316 236 1400 puli
252 1316 393 1379 Romani
409 1323 444 1379 11
459 1317 604 1378 maxima
619 1315 838 1380 multitudine
855 1316 996 1379 aliorum
1020 1318 1081 1398 qui
1104 1316 1218 1379 eadem

165 1419 218 1482 die
249 1428 383 1504 propter
409 1420 692 1504 sollempnitatem
723 1421 827 1504 ipsius
858 1419 899 1483 de
931 1420 1071 1483 diversis
1102 1419 1218 1481 mundi

165 1523 315 1608 partibus
331 1522 374 1586 ad
387 1523 617 1608 Apostolicam
633 1523 747 1587 sedern
763 1531 997 1599 convenerant,
1008 1522 1099 1607 quod
1115 1530 1220 1586 staret

164 1629 286 1691 nostris
303 1635 338 1691 11
354 1627 502 1690 Ecclesie
519 1626 684 1690 mandatis
701 1648 759 1710 per
774 1627 921 1691 nobilem
938 1629 1047 1690 virum
1063 1629 1219 1690 comitem

167 1731 395 1794 Tholosanum
411 1738 446 1794 et
461 1731 638 1816 magistros
654 1731 793 1795 Petrum
809 1730 849 1794 de
867 1731 978 1795 Vinea
993 1739 1027 1795 11
1044 1730 1218 1794 ’1111111111

166 1835 207 1900 de
239 1834 370 1910 Suessa,
394 1835 484 1898 curie
511 1856 570 1899 sue
596 1834 735 1918 judices,
761 1836 901 1898 nuncios
927 1842 962 1899 et
989 1842 1219 1918 procuratores

166 1961 244 2003 suos
269 1939 411 2023 speciale
436 1959 537 2023 super
563 1938 624 2003 hoc
650 1926 692 2002 ab
718 1939 790 2022 ipso
821 1938 1016 2002 mandatum
1047 1939 1219 2013 habentes

166 2043 349 2128 prostiterit
371 2043 607 2127 juramentum,
624 2043 836 2127 postmodum
852 2051 965 2107 tamen
981 2042 1073 2127 quod
1092 2043 1221 2127 jurave·

167 2156 218 2211 rat
233 2169 299 2210 non
319 2147 491 2231 implevit:
516 2147 598 2231 quin
621 2148 723 2211 immo
747 2169 785 2212 11
807 2148 995 2212 1111111111
1018 2149 1128 2231 ipsum
1151 2169 1221 2231 pre·

167 2253 289 2315 stitisse
306 2253 533 2336 juramentum
548 2251 764 2336 probabiliter·
780 2252 946 2326 credetur,
958 2253 1047 2316 sicut
1063 2274 1104 2316 ex
1121 2250 1221 2314 factis

167 2357 384 2440 sequentibus
412 2358 584 2444 colligitur
606 2357 787 2433 evidenter,
812 2364 852 2420 ut
878 2355 987 2421 eidem
1010 2356 1159 2420 Ecclesie
1183 2377 1220 2418 ac

168 2461 261 2524 nobis
284 2461 445 2526 illuderet
466 2463 582 2546 pocius
606 2483 708 2546 quam
731 2468 872 2545 pareret,
889 2481 966 2524 cum
990 2482 1077 2523 anno
1101 2467 1135 2524 ct
1157 2481 1222 2522 am-

167 2565 256 2648 plius
271 2565 338 2649 jam
354 2566 466 2650 elapso
483 2587 543 2630 nec
560 2565 602 2629 ad
618 2566 722 2649 ipsius
736 2565 885 2629 Ecclesia
897 2564 1062 2650 gremium
1073 2564 1221 2627 revocari

168 2669 317 2751 potuerit
333 2690 392 2731 nec
409 2669 471 2733 sibi
484 2669 524 2733 de
537 2671 641 2733 illatis
655 2670 685 2732 11
699 2669 852 2753 dampnis
864 2677 899 2731 et
912 2669 1043 2752 injuriis
1054 2667 1223 2731 curaverit

168 2771 368 2846 satisfacere,
385 2773 465 2836 11111
479 2795 581 2856 super
595 2775 657 2838 hoc
675 2774 826 2837 extiterit
843 2774 1034 2855 requisitus.
1081 2770 1224 2853 Propter

169 2874 259 2957 quod
276 2875 426 2939 nolentes
442 2876 565 2961 absque
586 2879 681 2963 gravi
706 2876 832 2940 Christi
857 2875 986 2939 offensa
1009 2877 1079 2960 ejus
1103 2875 1224 2958 iniqui·

168 2986 254 3043 tates
271 2981 413 3063 amplius
430 2981 594 3055 tollerare,
611 2982 763 3066 cogimur·
780 2987 921 3066 urgente
938 3002 998 3042 nos
1020 2978 1224 3043 conscientia

168 3083 255 3167 juste
284 3084 546 3148 animadvertere
575 3085 609 3147 111
637 3084 801 3159 eumdem,
825 3092 860 3148 et
888 3091 928 3146 ut
952 3082 996 3145 ad
1019 3103 1155 3167 presens
1183 3081 1223 3144 de

169 3189 287 3251 ceteris
321 3188 393 3272 ejus
426 3188 607 3253 sceleribus
642 3198 821 3263 taceamus
854 3195 999 3271 quatuor
1030 3186 1225 3272 gravissima

169 3313 235 3375 que
252 3292 345 3355 nulla
361 3301 503 3376 possunt
519 3293 632 3357 cellari
650 3293 937 3378 tergiversatione,
952 3291 1128 3354 commisit.
1162 3289 1226 3352 De·

169 3396 289 3480 jeravit
304 3397 393 3460 enim
409 3397 609 3462 multociens
626 3419 742 3481 pacem
755 3395 924 3481 quondam
938 3397 1026 3459 inter
1040 3394 1225 3457 Ecclesiam

169 3508 203 3563 et
225 3501 399 3584 imperium
424 3499 636 3565 reformatam
661 3509 786 3566 temere
810 3499 987 3573 violand03
1020 3498 1227 3583 perpetravit

169 3605 269 3667 etiam
285 3605 507 3691 sacrilegium,
519 3607 593 3690 capi
607 3606 733 3670 faciens
749 3604 933 3669 cardinales
946 3611 1059 3667 sancte
1076 3602 1226 3665 Romane

170 3707 319 3772 Ecclesie
336 3731 372 3771 ac
389 3709 530 3772 aliarum
551 3710 768 3774 ecclesiarum
792 3709 938 3793 prelatos
962 3716 997 3771 et
1020 3707 1156 3771 clericos
1181 3726 1228 3768 re-
