2768 4268
426 327 500 372 rna
522 325 641 373 rauca
664 325 710 373 or
733 324 955 373 consenum.
1155 308 1217 373 157

162 495 336 560 civitatibus,
349 494 418 549 locis
430 498 459 548 et
471 493 597 563 personis
610 492 752 547 societatis
769 493 798 544 in
811 488 986 562 perpetuum,
999 492 1130 546 videlicet
1143 497 1175 545 ut
1188 494 1217 546 in

164 584 226 654 ipsa
238 583 352 636 civitate
365 582 461 635 omnia
473 580 610 645 habeatis
624 580 696 633 sicut
709 580 844 632 hactenus
857 579 998 632 habuistis
1011 580 1055 632 vel
1068 580 1187 633 habetis.

199 672 226 723 2.
253 671 343 723 Extra
362 687 427 723 vero
446 685 542 722 omnes
562 667 778 721 consuetudines
799 667 859 720 sine
879 668 1102 721 contradictione
1122 672 1219 722 nostra

162 758 325 821 exerceatis
338 774 408 825 quas
421 756 457 809 ab
471 756 588 824 antiquo
601 755 765 808 exercuistis
778 756 823 808 vel
835 755 979 808 exercetis.

200 847 226 898 3.
254 844 365 898 Scilicet
378 845 407 896 in
420 843 501 896 fodro
514 849 542 895 et
556 842 725 896 memoribus
738 849 766 895 et
779 843 889 912 pascuis
902 848 930 896 et
942 843 1077 912 pontibus
1092 848 1120 896 et
1139 844 1230 913 aquis<

162 936 193 986 et
206 931 382 995 molendinis,
396 931 469 984 sicut
488 930 523 983 ab
543 930 660 999 antiquo
679 929 783 983 habere
799 931 983 984 consuevistis
996 932 1041 983 vel
1056 931 1174 996 habetis
1188 932 1218 984 in

162 1021 299 1082 exercitu,
315 1020 345 1071 in
358 1018 564 1071 munitionibus
578 1017 733 1082 civitatum,
747 1019 776 1071 in
792 1019 999 1088 jurisdictione,
1013 1024 1072 1072 tarn
1086 1020 1116 1072 in
1129 1020 1219 1072 crimi-

165 1108 277 1162 nalibus
289 1107 380 1160 causis
393 1124 478 1176 quarn
491 1107 520 1158 iu
534 1107 711 1176 pecuniariis
723 1107 800 1160 intus
810 1113 838 1161 et
848 1113 936 1171 extra,
947 1112 976 1160 et
989 1108 1018 1161 in
1029 1109 1136 1173 ceteris,
1147 1125 1217 1177 quac

165 1195 203 1249 ad
215 1195 445 1249 commoditatem
458 1199 585 1263 spectant
598 1194 753 1248 civitatum.

102 1271 104 1275 ¹
201 1284 226 1335 4.
252 1284 397 1349 Volumus
411 1289 444 1337 ut
462 1285 574 1354 regalia,
589 1302 660 1354 quae
679 1285 759 1339 vobis
777 1301 907 1338 concessa
924 1302 980 1336 uon
1001 1288 1075 1348 sunt,
1095 1284 1125 1336 in
1144 1283 1219 1336 hunc

166 1371 282 1424 modum
295 1377 506 1441 cognoscantur.
544 1373 698 1441 Episcopus
711 1372 766 1425 loci
781 1375 809 1423 et
826 1371 954 1424 homines
973 1375 1032 1424 tam
1050 1372 1085 1424 de
1104 1371 1218 1424 civitate

164 1475 250 1528 quam
264 1458 298 1510 de
311 1459 472 1527 episcopatu
492 1459 642 1528 eligantur,
656 1459 710 1511 viri
728 1459 819 1511 bonae
838 1458 978 1528 opinionis
998 1463 1025 1511 et
1044 1459 1093 1528 qui
1112 1459 1148 1511 ad
1167 1458 1219 1513 hoc

166 1545 261 1599 idonei
281 1563 340 1598 esse
361 1546 518 1610 credantur,
539 1547 610 1599 tales
631 1547 679 1615 qui
700 1564 749 1600 nec
770 1551 868 1599 contra
887 1545 1031 1598 civitatem
1050 1563 1101 1598 nec
1122 1551 1219 1599 contra

166 1639 291 1687 nostram
317 1634 497 1701 magistatem
522 1634 632 1702 privato
656 1635 702 1686 vel
727 1624 840 1702 speciali
864 1633 929 1686 odio
953 1638 1112 1685 teneantur.
1162 1633 1218 1697 Qui

164 1722 269 1792 jurent,
283 1721 358 1789 quod
377 1720 452 1773 bona
469 1721 525 1773 fide
542 1725 570 1774 et
589 1722 649 1774 sine
667 1721 767 1773 fraude
783 1721 944 1790 perquirent
963 1726 991 1773 et
1010 1721 1146 1789 inquisita
1158 1738 1219 1774 con·

165 1808 321 1879 signabunt
339 1826 380 1872 ea,
400 1826 471 1877 quae
489 1809 646 1878 specialiter
665 1810 700 1862 ad
719 1814 846 1861 nostram
865 1812 992 1878 spectant
1010 1808 1217 1861 excellentiam.

168 1897 198 1950 Si
211 1901 306 1950 autern
318 1896 383 1949 huic
397 1896 575 1965 inquisitioni
590 1896 828 1966 supersedendum
847 1913 905 1948 esse
924 1895 1092 1964 putaverint,
1106 1913 1219 1948 sensnm

166 1985 288 2038 duorum
309 1984 429 2037 millium
449 1984 625 2037 marcharum
645 1984 755 2054 argenti
774 2001 822 2052 per
837 1983 963 2053 singulos
982 2000 1070 2035 annos
1088 1983 1219 2052 petimus.

168 2073 303 2126 Attamen
316 2072 487 2142 competenti
505 2072 697 2125 moderatione
711 2071 919 2125 moderabimur
931 2071 1017 2124 etiam
1031 2070 1218 2139 quantitatem

166 2160 260 2225 istam,
274 2161 297 2213 si
310 2161 432 2214 enormis
444 2160 506 2213 visa
518 2160 612 2213 fuerit.

204 2250 229 2300 5.
257 2249 286 2301 Si
305 2249 367 2317 quis
386 2254 482 2302 autem
500 2265 582 2318 super
594 2248 646 2312 his,
660 2265 731 2316 quae
744 2247 824 2300 vobis
837 2246 1025 2300 concessimus
1038 2247 1081 2298 vel
1095 2246 1220 2315 permisi·

168 2352 231 2388 mus
244 2335 301 2388 sive
314 2336 344 2387 iu
357 2336 472 2389 civitate
485 2336 543 2388 sive
556 2341 638 2389 extra
650 2335 802 2399 civitatem,
813 2334 1019 2403 querimoniam
1033 2334 1107 2402 apud
1120 2336 1221 2404 majes-

167 2426 257 2475 tatem
277 2427 402 2475 nostram
424 2424 593 2492 deposuerit,
612 2425 673 2493 ejus
693 2422 898 2492 querimoniam
917 2439 973 2474 non
992 2422 1174 2474 admittemus
1192 2426 1221 2474 et

167 2509 314 2562 silentium
326 2511 352 2562 ei
365 2511 550 2579 imponemus.

204 2599 230 2649 6.
257 2597 328 2659 Hoc,
343 2598 418 2666 quod
432 2616 482 2651 nos
496 2603 653 2651 antecessor
665 2603 768 2662 noster,
781 2615 832 2650 rex
844 2597 889 2650 vel
902 2597 1062 2665 imperator,
1076 2596 1220 2665 episcopis,

167 2684 291 2737 ecclesiis
303 2685 347 2736 vel
360 2685 523 2737 civitatibus
537 2686 580 2738 vel
594 2685 656 2738 aliis
670 2685 892 2753 quibuscumque
910 2684 1043 2752 personis
1057 2683 1164 2736 clericis
1178 2683 1221 2735 rcl

169 2770 256 2842 laicis,
277 2775 342 2824 ante
362 2775 473 2841 tempus
494 2790 609 2841 guerrae
630 2772 708 2823 dedit
724 2772 768 2824 vel
787 2771 914 2840 quolibet
932 2770 1118 2823 concessionis
1136 2770 1222 2823 titulo

167 2859 312 2923 concessit,
326 2860 439 2911 firmum
452 2865 480 2912 et
492 2864 585 2912 ratum
599 2858 744 2921 habemus,
758 2859 842 2910 salvis
862 2858 1051 2926 superioribus
1069 2858 1223 2911 concessio-

169 2945 261 2999 nibus.
299 2946 336 2999 Et
349 2964 444 3015 proco
457 2946 541 3000 solita
553 2945 668 2999 servitia
680 2945 762 2999 nobis
775 2944 971 3009 exhibeantur,
985 2945 1034 2997 scd
1053 2962 1149 2997 sensns
1166 2963 1221 2997 uon

169 3038 334 3102 praestetur.

205 3123 229 3174 7.
255 3121 478 3175 Conunoditates
492 3139 561 3190 quas
574 3139 624 3190 pro
637 3120 711 3173 bono
723 3120 799 3189 pacis
813 3119 975 3172 civitatibus
988 3119 1175 3172 concessimus
1192 3119 1221 3171 in

168 3207 283 3260 civitate
303 3209 346 3260 vel
365 3214 455 3270 extra,
471 3209 581 3260 illorum
597 3208 732 3276 regalium
750 3207 863 3260 nomine
884 3224 938 3259 uon
958 3205 1156 3275 intellegimus,
1172 3223 1223 3274 pro

88 3364 91 3370 ¹
168 3295 273 3363 quibus
286 3312 383 3348 sensns
397 3296 479 3348 debet
493 3296 637 3364 praestari.

207 3385 232 3434 8.
261 3383 412 3448 Pririlcgia
436 3384 532 3435 onmia
556 3388 583 3435 et
609 3383 677 3435 data
698 3386 726 3434 ct
747 3381 946 3443 concessiones
966 3398 1036 3449 qnae
1061 3382 1091 3432 in
1116 3382 1223 3449 praeju-

169 3469 276 3522 dicium
296 3476 324 3522 et
343 3471 477 3522 darmnnn
497 3469 644 3522 civitatum
666 3470 709 3520 vel
730 3469 852 3521 locorum
872 3469 915 3520 rel
934 3485 1117 3536 personarum
1139 3467 1223 3519 socic-

170 3557 239 3609 tatis
258 3557 401 3610 occasione
417 3575 532 3626 guerrae
552 3557 581 3608 in
598 3557 731 3626 injuriam
748 3555 867 3623 alicujus
881 3556 1088 3623 praedictorum
1108 3572 1124 3606 a
1143 3554 1223 3607 nobis

171 3645 214 3695 vel
234 3662 251 3697 a
270 3644 379 3697 nuntiis
399 3644 502 3698 nostris
522 3644 633 3696 indulta
652 3649 725 3708 suut,
742 3647 886 3695 cassentur·
904 3647 933 3694 et
952 3642 980 3694 in
1004 3641 1115 3694 irritum
1138 3643 1224 3694 dedu-

170 3737 279 3783 cantur.
