2768 4268
378 367 453 413 xxx
475 365 776 414 Houuusrnuruu
798 365 945 412 aaaron.
1126 346 1189 409 109

137 546 251 603 nostro
268 535 463 601 Coloniensi
477 535 724 619 archiepiscopo
745 536 873 620 recepit
895 543 1096 620 utrumque3
1120 534 1190 598 Nos

137 645 256 728 utique
273 663 340 705 non
357 640 487 716 ducem,
503 639 563 704 sed
578 640 746 723 reliquum
770 647 963 723 reputamus
987 648 1022 704 ct
1045 640 1191 703 nomina-

137 768 212 812 mus
228 766 338 831 regem
355 745 485 829 justitia
501 744 669 830 exigente.
702 744 743 805 In
758 743 989 827 reprobatione
1005 765 1084 808 vero
1100 764 1191 827 prae·

136 853 200 917 fati
232 845 379 934 Philippi
404 847 499 912 ducis
524 847 666 913 Suaviae
691 857 828 931 propter
851 847 1029 911 manifesta
1055 847 1191 931 impedi-

137 965 251 1022 menta
280 976 439 1041 personae
470 975 538 1018 non
569 954 792 1028 accusatione,
824 951 883 1016 sed
913 951 1189 1016 condemnatione

137 1064 250 1148 potius
272 1060 340 1125 fuit
362 1080 454 1143 opus
479 1060 558 1142 quia
581 1079 648 1121 non
670 1057 893 1137 accusatione,
912 1055 972 1120 sed
995 1055 1192 1119 condemna-

138 1168 229 1231 tione
245 1165 399 1251 indigent
414 1162 601 1227 manifesta.
649 1161 752 1241 Quod
766 1169 890 1236 autern,
907 1182 1013 1244 quum
1028 1161 1062 1222 in
1080 1161 1190 1224 electi-

137 1293 201 1335 one
225 1278 303 1334 vota
325 1269 517 1353 principum
540 1265 748 1342 dividuntur,
772 1274 848 1350 post
872 1264 1134 1329 admonitionem
1156 1272 1191 1329 et

136 1375 426 1459 exspectationem
448 1372 545 1436 alteri
564 1372 710 1455 partium
726 1369 838 1434 lavere
855 1370 1030 1453 possimus,
1046 1369 1189 1433 maxime

137 1487 314 1564 postquam
331 1477 459 1541 anobis
476 1477 602 1551 unctio,
619 1475 824 1538 consecratio
841 1480 876 1538 et
891 1473 1062 1537 coronatio
1078 1480 1191 1556 postu-

136 1583 262 1658 lantur,
279 1583 368 1645 sicut
381 1589 525 1664 utraque
541 1601 616 1664 pars
639 1601 659 1644 a
681 1579 776 1643 nobis
800 1579 971 1643 multoties
994 1579 1189 1663 postulavit,

137 1708 181 1752 ex
204 1687 277 1772 jure
302 1693 396 1770 patet
419 1685 544 1769 pariter
568 1692 603 1748 et
627 1685 788 1768 exemplo
838 1682 1014 1767 Numquid
1038 1683 1137 1758 enim,
1162 1684 1189 1746 si

138 1792 305 1876 principes
321 1790 482 1853 admoniti
502 1796 537 1853 et
555 1789 738 1872 exspectati
755 1788 810 1852 vel
832 1809 900 1850 non
924 1794 1118 1871 potuerunt,
1136 1788 1190 1850 vel

138 1896 320 1959 noluerunt
343 1895 378 1956 in
398 1914 502 1956 unum
519 1893 730 1977 propositum
745 1892 934 1967 convenire,
951 1890 1046 1955 sedes
1063 1899 1191 1975 aposto·

137 1999 203 2063 lica
222 1998 384 2062 advocato
400 2004 435 2062 et
450 1996 622 2060 defensore
646 1995 782 2071 carebit,
799 2016 981 2078 eorumque
1006 1995 1106 2078 culpa
1128 1996 1191 2078 ipsi
1212 2023 1214 2026 ⁴

139 2102 339 2167 redundabit
354 2103 390 2164 in
406 2100 569 2186 poenam?
614 2099 735 2164 Sciunt
750 2109 863 2164 autem
884 2100 1050 2184 principes
1073 2107 1108 2162 et
1132 2106 1191 2162 tua

139 2207 296 2271 nobilitas
319 2228 386 2269 non
409 2207 551 2292 ignorat,
569 2205 670 2289 quod,
689 2228 794 2290 quum
818 2207 996 2270 Lotharius
1019 2212 1054 2269 et
1076 2205 1192 2269 Corra·

138 2311 202 2375 dus
239 2312 275 2374 in
310 2310 474 2374 discordia
508 2309 653 2374 fuissent
682 2311 791 2387 electi,
824 2311 992 2374 Romanus
1031 2310 1190 2374 Pontifex

140 2415 337 2480 Letharium
360 2416 541 2490 coronavit,
565 2422 600 2479 et
626 2416 802 2499 imperium
831 2415 978 2479 obtinuit
1002 2424 1189 2489 coronatus,

138 2519 255 2583 eodem
272 2518 418 2582 Corrado
434 2528 515 2581 tunc
533 2517 668 2581 demum
691 2519 734 2582 ad
757 2520 829 2604 ejus
852 2520 994 2604 gratiam
1018 2518 1189 2582 redeunte.

141 2623 206 2687 Eos
226 2625 331 2709 igitur
347 2622 505 2685 duximus
521 2624 789 2701 commonendos,
807 2632 855 2697 ut,
872 2627 959 2689 sicut
982 2646 1042 2688 nos
1066 2647 1084 2688 a
1107 2625 1189 2708 juris

139 2729 288 2811 ipsorum
304 2748 471 2790 cessamus
488 2728 620 2811 injuria,
637 2729 683 2791 sic
701 2730 764 2811 ipsi
780 2737 896 2792 contra
919 2730 970 2813 jus
988 2738 1138 2792 nostrum
1155 2750 1189 2791 se

140 2852 353 2913 nequaquam
379 2831 554 2915 injuriosos
579 2832 768 2908 ostendant,
793 2833 853 2896 sed
877 2855 897 2896 a
921 2833 1070 2917 praefato
1096 2833 1190 2909 (luce,

139 2935 230 3018 justo
258 2933 393 3017 quidem
424 2956 443 2997 a
474 2935 567 2999 nobis
597 2935 722 3019 judicio
749 2936 936 3020 reprobato,
963 2937 1130 3011 recedant,
1158 2946 1192 3001 ct

141 3037 292 3120 praefato
316 3039 385 3122 regi
412 3037 531 3102 Ottoni
556 3061 623 3102 non
646 3039 796 3104 abnuant
819 3040 1006 3113 adhaerere,
1023 3042 1087 3103 nisi
1110 3049 1191 3104 tuno

140 3140 274 3204 demum
292 3152 407 3205 contra
423 3164 597 3226 personam
615 3144 668 3207 vel
684 3143 813 3221 iactum
833 3145 1020 3228 legitimum
1046 3144 1128 3226 quid
1151 3144 1192 3207 ab

139 3246 187 3309 eis
200 3245 366 3330 objectum
382 3245 486 3309 fuerit
502 3254 536 3310 et
552 3256 734 3311 ostensum.
780 3248 845 3330 (Et
861 3247 983 3328 infraz)
1003 3246 1090 3309 Sunt
1103 3248 1190 3310 enirn

140 3351 270 3413 notoria
286 3351 522 3434 impedimenta
538 3350 632 3414 ducis
653 3350 806 3426 Suaviae,
823 3352 950 3439 scilicet
967 3352 1193 3414 excommuni-

139 3455 228 3517 catio
241 3455 383 3539 publica,
397 3455 579 3539 perjurium
595 3455 820 3529 manifestum,
833 3464 868 3519 et
884 3455 1071 3539 persecutio
1085 3454 1192 3518 divul-

138 3567 228 3643 gata,
245 3581 345 3642 quam
362 3560 591 3643 progenitores
607 3560 679 3644 ejus
696 3560 815 3642 etipse
839 3566 1134 3643 praesumpserunt
1156 3560 1191 3621 in

138 3664 356 3744 apostolicam
385 3662 499 3727 sedem
526 3671 561 3727 et
591 3663 672 3727 alias
703 3664 859 3727 ecclesias
890 3684 1052 3727 exercere.
1111 3662 1192 3726 Fuit

137 3787 274 3850 quoque
300 3787 319 3830 a
343 3766 448 3831 bonae
473 3768 647 3831 memoriae
670 3766 862 3832 Caelestino
890 3766 982 3852 Papa
1004 3765 1192 3851 praedeces·
