2768 4268
199 294 241 358 30
418 311 551 360 sunnon
574 312 781 360 nnnrmvnn
806 312 1036 362 noouunurs.

200 479 335 544 XVIII.
375 479 425 544 De
457 481 525 544 illio
552 481 609 566 qai
630 481 867 567 poenitentiam
894 503 914 545 o
942 482 1011 546 suis
1039 484 1255 550 sacerdotibus

587 586 730 670 occipere
746 585 869 649 nolant.

243 722 332 802 Quia
346 724 446 789 multi
463 730 559 788 tanta
572 723 694 788 mentis
717 744 796 787 suae
820 722 988 788 falluntur
1003 726 1136 801 astutia,
1157 734 1197 790 ut
1219 729 1253 791 in

197 828 311 913 aliquo
328 828 463 913 capitali
487 827 624 891 crimine
648 827 814 911 inculpati
838 830 1087 912 poenetentiam
1109 851 1128 892 a
1150 851 1256 896 sacer-

198 932 332 996 dotibus
353 933 422 996 suis
443 933 594 1016 accipere
618 932 740 1007 nolint,
759 932 795 994 in
819 931 880 996 hoc
905 933 1048 997 maxime
1073 934 1198 1010 confisi,
1215 943 1255 1000 ut

199 1037 339 1100 Romam
357 1036 549 1121 petentibus
574 1036 777 1118 apostolicus
801 1037 913 1099 omnia
935 1035 1084 1100 dimittat
1107 1047 1253 1121 peccata,

197 1148 313 1205 sancto
330 1141 470 1204 concilio
485 1141 596 1204 visum
613 1147 674 1216 est,
695 1146 735 1203 ut
756 1140 835 1203 talis
859 1139 1073 1226 indulgentia
1095 1142 1163 1206 illis
1186 1164 1254 1206 non

197 1245 311 1328 prosit,
335 1245 396 1310 sed
417 1246 510 1329 prius
536 1245 634 1330 juxta
657 1244 793 1308 modum
818 1244 933 1310 delicti
963 1247 1205 1330 poenitentiam
1234 1270 1254 1312 a

197 1349 266 1412 suis
281 1348 509 1413 sacerdotibus
526 1349 714 1433 injunctam
730 1348 937 1437 adimpleant
952 1357 987 1414 et
1003 1357 1095 1425 tunc,
1114 1350 1254 1414 Romam

196 1453 244 1517 ire
261 1453 423 1529 sivelint,
440 1452 650 1538 abepiscopo
668 1455 803 1538 proprio
826 1454 999 1519 licentiam
1022 1462 1056 1518 et
1078 1455 1252 1538 epistolam

197 1556 476 1641 adaapostolicum
492 1579 535 1622 ex
551 1556 682 1622 hisdem
697 1556 796 1622 rebus
813 1557 1021 1622 referendam
1037 1559 1212 1642 accipiant.

198 1745 298 1808 XIX.
337 1744 379 1809 Ut
395 1746 497 1810 omnis
508 1746 687 1832 poeniteas,
705 1747 783 1810 dum
800 1747 946 1811 cariam
952 1747 1048 1828 fecit,
1065 1747 1104 1810 de
1128 1748 1193 1811 loco
1209 1748 1254 1812 od

568 1850 670 1913 locum
685 1872 749 1914 ccc
764 1852 888 1934 mipret.

240 1987 424 2052 Decretum
448 1994 499 2051 est
521 1988 557 2050 in
581 1987 696 2053 ecdem
721 1990 872 2063 concilio,
889 1997 928 2054 ut
944 1989 1051 2053 omnis
1067 1991 1251 2074 poenitens,

197 2090 277 2154 dum
293 2093 440 2155 carinam
455 2092 595 2176 jejunat,
612 2091 653 2157 de
670 2093 743 2157 loco
760 2092 803 2156 ad
821 2093 933 2156 locum
955 2114 1023 2157 non
1045 2095 1176 2180 migret,
1192 2095 1253 2159 sed

195 2195 242 2259 ibi
265 2195 424 2279 perficiat,
447 2195 506 2260 ubi
529 2197 565 2258 in
588 2197 707 2280 coepit,
725 2197 885 2280 quatinus
909 2197 1061 2261 sacerdos
1084 2220 1165 2262 suus
1188 2199 1252 2263 sibi
1275 2238 1278 2242 -

196 2299 241 2362 sit
256 2300 361 2363 testis.
402 2297 437 2362 Si
453 2306 567 2363 autem
584 2299 629 2364 ibi
645 2307 781 2384 propter
792 2300 932 2365 hostiles
948 2301 1085 2366 insidias
1100 2303 1250 2387 jejunare

195 2423 263 2466 non
279 2404 394 2487 possit,
411 2425 493 2467 suus
509 2402 662 2468 sacerdos
685 2404 783 2467 illum
806 2404 1014 2468 confratrum
1036 2427 1173 2469 suorum
1196 2408 1251 2470 ali·

196 2507 261 2582 cui,
293 2506 350 2571 ubi
381 2507 516 2592 pacifice
554 2508 702 2593 jejunare
732 2509 848 2593 possit,
880 2508 1134 2594 diligentissime
1166 2531 1251 2574 com-

164 2610 167 2617 '
196 2610 341 2674 mendet.
