2768 4268
112 384 114 389 .
172 324 213 388 56
391 341 523 388 suasor
546 341 753 388 ainnrmvxn
779 340 1009 389 uoouunurs.

171 509 325 595 ciplinae,
342 509 430 572 nulli
452 507 607 574 subditus
631 510 801 596 magistre,
816 532 851 575 se
875 518 1045 576 extorrem
1068 510 1229 595 judicare,

171 613 343 678 obscoenis
374 613 594 678 theatralibus
625 614 765 679 ludicris
802 616 891 679 ultra
923 616 1026 680 laicos
1064 616 1230 692 insistere,

171 739 301 782 mensas
328 718 595 781 numulariorum
619 719 655 780 in
682 719 813 802 porticu
842 720 1091 783 transeuntium
1121 719 1230 804 turpis

170 822 256 886 lueri
277 822 386 908 gratia
408 821 540 905 publice
564 821 763 886 observare?
809 822 872 886 His
897 825 1010 907 itaque
1034 823 1230 907 quaestibus

170 927 313 1010 pecunia
329 927 511 1002 cumulata,
522 926 689 991 abbatiam
705 926 795 991 beati
812 926 911 990 Pauli
927 927 1061 1003 invasit,
1073 927 1230 1012 supplan·

171 1037 242 1093 tato
265 1029 402 1103 abbate3
426 1029 504 1093 inde
529 1031 689 1114 arripiens
713 1030 1031 1106 archidiaconatum,
1056 1029 1227 1114 quendam

170 1134 303 1198 nomine
327 1133 500 1197 Manciam
524 1141 563 1198 ut
585 1135 647 1198 sibi
671 1133 817 1199 officium
840 1134 1014 1210 venderet,
1031 1133 1233 1219 decipiendo

170 1236 324 1312 seduxit3
344 1244 388 1312 et,
399 1237 538 1302 Nicolao
550 1259 636 1323 papa
648 1239 794 1315 nolente,
805 1240 957 1302 tumultu
966 1239 1119 1323 populari
1128 1239 1230 1323 stipa-

170 1348 226 1406 tus
238 1342 273 1404 in
286 1362 504 1405 oeconomum
514 1363 548 1405 se
561 1343 748 1425 promoveri
762 1343 881 1429 coegit.
914 1342 1069 1421 Qus-tuor
1081 1363 1228 1426 namque

172 1445 398 1509 Romanorum
413 1446 610 1529 pontificum
626 1468 727 1531 super
741 1447 892 1530 improba
907 1455 1013 1510 morte
1031 1469 1090 1531 per
1107 1467 1229 1511 manus

171 1549 346 1634 cujusdam
369 1549 432 1613 sibi
456 1550 567 1613 intimi
584 1550 605 1614 J
608 1550 748 1614 ohannis
772 1551 902 1615 scilicet
918 1550 1104 1626 Brachinti,
1121 1552 1229 1635 propi·

170 1661 251 1717 nato
269 1674 407 1729 venene,
424 1653 590 1718 homicida
612 1655 763 1719 extitisse
787 1655 1008 1730 convincitur,
1024 1663 1066 1718 ut
1087 1655 1230 1719 eaete1is

170 1757 369 1834 tacentibus
386 1759 456 1841 ipse
473 1759 624 1823 minister
639 1759 765 1834 mortis,
781 1766 923 1844 urgente
940 1759 1055 1822 mortis
1071 1758 1227 1834 articula

171 1860 252 1925 diris
269 1861 478 1938 clamoribus,
495 1862 576 1927 licet
591 1884 663 1928 sero
682 1864 897 1947 poenituerit,
916 1861 1113 1927 testabatur.
1159 1861 1226 1926 Hie

171 1964 316 2049 denique
351 1987 447 2050 saepe
482 1966 593 2030 dictus
627 1966 766 2051 pestifer
795 1968 867 2051 ipsa
897 1975 995 2031 nocte
1023 1987 1094 2050 qua
1123 1965 1229 2030 funus

171 2069 359 2134 Alexandri
375 2091 478 2154 papae
495 2072 529 2133 in
553 2070 689 2135 basilica
713 2070 895 2135 Salvatoris
918 2071 1138 2154 exequiarum
1161 2068 1229 2134 offi-

171 2174 222 2238 cio
246 2173 433 2250 fovebatur,
456 2184 568 2259 portas
593 2176 761 2239 Romanae
785 2175 875 2240 urbis
899 2183 933 2240 et
955 2183 1084 2259 pontes,
1106 2182 1228 2251 turrea,

172 2285 206 2342 et
228 2278 447 2362 triumphales
471 2299 577 2354 arcus,
594 2286 797 2342 armatorum
821 2281 935 2343 cuneis
959 2279 1115 2355 munivit,
1132 2277 1229 2344 Late-

171 2403 310 2446 ranense
327 2383 489 2466 palatium
506 2384 627 2446 militia
642 2380 833 2467 comparata
855 2383 1024 2447 hostiliter
1038 2383 1227 2467 occupavit,

172 2487 298 2550 clerum
322 2509 363 2551 ne
388 2487 527 2551 auderet
550 2487 787 2564 contradicere,
804 2509 881 2551 cum
897 2488 1013 2550 nullus
1030 2508 1107 2550 eum
1123 2487 1231 2551 vellet

171 2591 304 2677 eligere,
328 2591 449 2676 gladiis
477 2592 663 2655 satellitum
689 2592 875 2678 evaginatis
901 2599 1043 2655 mortem
1069 2589 1230 2654 minando

171 2696 361 2779 perterruit,
387 2704 421 2759 et
450 2697 553 2780 prius,
582 2696 748 2760 obsessam
775 2695 844 2771 diu,
875 2696 996 2759 assiliit
1022 2693 1228 2770 cathedram,

171 2821 273 2884 quam
297 2821 417 2884 corpus
445 2799 598 2863 defuncti
624 2799 792 2864 obtineret
817 2799 976 2863 tumbam.
1032 2798 1124 2861 Dum
1146 2819 1230 2862 vero

172 2903 309 2988 quidam
326 2926 367 2968 ex
391 2905 471 2989 ipsis
496 2903 669 2968 decretum
693 2903 823 2968 Nicolai
846 2926 950 2988 papae
976 2902 1039 2966 125
1063 2902 1229 2987 episcopis

171 3007 234 3072 sub
249 3009 461 3072 anathemate
485 3009 747 3094 promulgatum,
764 3007 880 3072 ecdem
905 3006 1136 3070 Hildebrando
1159 3004 1230 3068 lau-

172 3112 272 3176 dante
289 3112 332 3176 ad
355 3114 546 3176 memoriam
569 3113 631 3176 sibi
648 3113 777 3176 vellent
800 3111 966 3187 reducere,
984 3111 1076 3195 quod
1098 3111 1126 3173 si
1151 3110 1229 3193 quis

171 3217 242 3280 sine
259 3238 396 3282 assensu
422 3217 563 3281 Romani
586 3217 745 3301 principis
769 3218 883 3301 qiapari
906 3222 1140 3299 praesumeret,
1158 3234 1226 3276 non

171 3342 266 3405 papa,
294 3321 353 3385 sed
380 3329 531 3405 apostata
557 3321 597 3384 ab
622 3321 776 3384 omnibus
807 3321 995 3394 haberetur,
1024 3319 1162 3405 negavit
1191 3338 1229 3381 se

172 3447 287 3511 regem
313 3426 444 3510 uspiam
470 3426 564 3501 scire,
589 3433 624 3489 ct
650 3447 684 3488 se
711 3447 817 3508 posse,
845 3425 996 3499 asseruit,
1024 3422 1228 3487 seutentiam

172 3529 464 3615 praedecessorum
487 3551 632 3593 vacuum
655 3529 815 3614 judicare.
872 3528 964 3607 Quid
988 3527 1105 3612 plura?
1151 3525 1228 3587 Non

172 3635 281 3698 solum
298 3633 433 3717 quidem
458 3635 573 3709 Roma,
590 3633 649 3698 sed
671 3635 741 3718 ipse
766 3634 936 3697 Romanus
961 3632 1048 3695 orbis
1071 3637 1229 3704 testatur,

172 3739 269 3801 illum
293 3760 394 3801 nona
411 3738 484 3801 Deo
500 3737 601 3802 fuisse
619 3739 774 3813 electum,
791 3737 850 3801 sed
865 3760 884 3800 a
900 3759 933 3800 se
951 3737 1022 3821 ipso
1038 3737 1081 3811 vi,
1099 3732 1230 3805 fraude,
