2768 4268
407 332 482 376 run
505 292 807 378 nouansraurnu
830 331 976 378 Pleuron.
1181 316 1222 380 95

402 534 477 594 THE
498 533 656 594 courum
676 534 727 594 Ar
748 533 842 594 DOLE
868 537 982 615 (1162).

343 680 420 741 [Saxo
431 683 632 739 Grammaticus;
650 683 734 729 edited
746 685 780 741 by
790 684 894 735 Holder,
906 699 930 742 p.
942 685 986 730 538
996 683 1044 744 sq]

209 807 368 872 CLVIII.
411 807 494 871 Post
509 808 570 872 hec
590 807 807 884 Octavianus,
821 817 940 873 vocato
956 811 1106 887 consilio,
1120 833 1222 895 quam

163 913 261 996 justis
289 911 446 998 suffragia
473 914 508 974 111
532 912 747 996 adipiscendo
779 913 968 977 sacerdocio
996 936 1075 978 usus
1107 915 1220 991 fuerit,

163 1017 336 1100 loquacius
353 1038 455 1100 quam
471 1019 581 1081 verius
603 1026 752 1082 astruere
777 1018 980 1093 conabatur3
1005 1018 1220 1083 Rodlandum

164 1143 243 1185 vero
260 1121 429 1197 honorem,
447 1144 548 1205 quem
564 1122 714 1185 oblatum
731 1122 949 1207 repudiasset,
967 1125 1110 1187 vetitum
1127 1146 1223 1187 occu-

163 1246 269 1310 passe,
285 1248 388 1309 seque
405 1247 538 1289 causam
553 1247 648 1289 suam
660 1228 808 1312 generali
820 1227 1018 1311 pontificum
1032 1229 1221 1314 cognicioni

163 1329 404 1414 inspiciendam
441 1330 611 1414 prebente,
649 1331 747 1393 illum
784 1332 967 1415 impietatis
1012 1334 1221 1397 consciencia

164 1435 321 1498 canonice
345 1433 558 1498 discrecionis
581 1434 744 1519 judicium
765 1434 953 1500 formidare.
1000 1436 1156 1501 Preterea
1178 1436 1221 1500 ad

164 1537 390 1602 conciliandos
414 1538 476 1602 sibi
500 1538 698 1622 pontificum
725 1540 853 1602 animos
881 1561 996 1603 eorum
1020 1539 1220 1626 dignitatem

163 1642 317 1727 benignis
340 1641 548 1706 decretorum
571 1643 784 1706 sancionibus
807 1643 995 1719 adornavit,
1014 1644 1105 1707 haud
1127 1646 1221 1728 prius

164 1746 348 1809 Romanam
363 1746 407 1809 ad
428 1746 541 1811 sedem
556 1747 807 1832 provocandum
831 1749 1050 1824 constituere,
1068 1771 1169 1832 quam
1192 1749 1220 1812 si

163 1851 205 1914 lis
227 1850 380 1934 ipsorum*
395 1851 676 1935 pronunciacione
698 1851 787 1914 finiri
805 1873 872 1914 non
896 1860 1017 1935 posset.
1064 1851 1219 1918 Finiente

164 1977 213 2030 ec,
227 1954 330 2018 Cesar
341 1957 589 2040 provinciarum
605 1978 700 2041 reges
716 1956 817 2039 hujus
834 1957 1058 2020 controversie
1075 1957 1219 2022 finiende

163 2061 275 2144 gracia
291 2059 334 2123 ad
349 2060 553 2143 colloquiunt
574 2081 592 2123 a
614 2082 648 2124 se
667 2061 828 2123 invitatos
849 2059 990 2135 dicebat,
1007 2083 1121 2124 eorum
1144 2084 1222 2146 pen-

163 2165 271 2227 tencie
288 2185 474 2249 repugnare
491 2163 586 2228 nefas
603 2163 757 2228 ducturo.
805 2163 898 2242 Quos
918 2165 992 2228 ideo
1010 2187 1078 2227 non
1094 2165 1219 2241 adesse,

164 2266 257 2351 quod
271 2268 306 2329 in
324 2267 466 2330 Romani
487 2269 695 2351 imperatoris
717 2269 874 2353 injuriam
898 2269 1003 2332 Rome
1027 2269 1220 2352 pontificem

164 2392 273 2435 creare
287 2372 434 2456 cupiant,
447 2372 554 2435 aliene
571 2373 718 2436 civitatis
734 2374 787 2456 jus
803 2374 872 2436 suis
888 2371 1060 2459 suffragiis
1073 2374 1222 2436 ammini-

163 2483 268 2539 strare
296 2485 465 2539 conantes
521 2475 605 2540 Post
630 2477 691 2539 hec
723 2476 934 2562 Regnaldus,
961 2476 1099 2541 Colonie
1131 2476 1220 2541 urbis

163 2580 312 2654 antistes
329 2580 501 2664 religionis
518 2601 648 2643 causam
667 2580 775 2644 dicere
793 2581 941 2654 adorsus,
958 2590 1085 2664 quanto
1101 2582 1220 2665 injurie

164 2682 308 2766 pondere
341 2684 482 2746 Romani
512 2685 721 2766 imperatoris
752 2686 935 2767 equitatem
965 2685 1221 2768 provincialium

163 2808 282 2872 regum
306 2789 476 2850 temeritas
499 2796 692 2862 attentaret,
709 2788 975 2873 argumentando
995 2788 1221 2852 demonstrare

164 2891 332 2977 pergebat.
386 2891 472 2954 Nam
495 2893 522 2955 si
546 2893 806 2956 controversiam
829 2894 864 2954 in
888 2914 1003 2955 eorum
1027 2892 1221 2957 civitatibus

163 2994 205 3058 de
229 2996 426 3078 pontificatu
448 3007 554 3059 ortam
579 2995 681 3058 Cesar
702 2998 771 3059 suis
794 2995 964 3082 suffragiis
988 2997 1083 3059 finire
1107 2996 1220 3071 vellet,

164 3097 254 3161 haud
278 3098 377 3162 dubie
402 3099 436 3161 id
460 3100 612 3181 gravium
637 3100 836 3183 injuriarum
859 3100 932 3163 loco
953 3100 1127 3172 ducerent,
1144 3122 1221 3162 curn

164 3203 227 3285 ipsi
250 3203 357 3266 simile
381 3204 415 3264 in
433 3203 513 3265 urbe
538 3204 644 3266 Roma
667 3213 857 3286 perpetrare
882 3213 1055 3267 conentur.
1111 3203 1220 3281 Quam

164 3307 384 3370 assercionenr
401 3314 468 3369 111111
485 3307 597 3369 valido
613 3308 755 3370 racionis
772 3307 916 3391 presidio
933 3308 1112 3371 subnixam
1128 3316 1222 3390 puta·

165 3410 225 3482 vit,
256 3421 295 3472 ut
326 3432 414 3473 nunc
450 3409 637 3484 Latialiter,
668 3432 758 3473 nunc
792 3411 921 3474 Gallice
955 3410 1220 3494 Germaniaeque

165 3512 278 3586 fando,
295 3515 399 3576 ternis
422 3516 592 3577 accionem
616 3514 753 3576 vocibus
778 3516 922 3578 iteraret.
970 3514 1035 3577 Sed
1055 3523 1220 3598 quantum

165 3616 225 3679 hac
250 3618 401 3680 oracione
425 3619 536 3700 gentis
560 3640 618 3681 sue
643 3617 797 3680 favorum
823 3619 943 3692 illexit,
960 3627 1093 3681 tantum
1110 3626 1220 3681 nostre

165 3719 326 3805 suffragia
343 3720 545 3785 deturbavit.
