2768 4268
159 323 200 388 72
377 339 510 386 sauucr
533 339 737 386 Munimvnn
764 339 992 387 nocuimvrs.

157 529 240 572 num
263 507 412 594 profecto
436 515 496 584 cst,
520 515 560 572 ut
583 530 652 585 nos,
677 507 736 592 qui
760 507 958 593 disponente
982 508 1118 573 dominc
1142 512 1214 574 uni·

157 614 263 677 versis
297 613 459 677 catholice
497 614 634 677 ecclesie
669 613 758 676 filius
793 612 950 676 debemus
984 614 1213 679 sollicitudine

157 724 297 800 paterna
320 717 504 790 consulere,
528 737 701 800 personam
726 724 819 779 tuam
843 718 946 781 artius
970 715 1159 803 diligamus,
1177 728 1213 784 et

158 828 320 904 tanquam
336 821 573 904 specialissimo
597 821 735 884 ecclesie
759 818 927 884 defensori
950 822 984 883 in
1008 822 1070 897 his,
1087 847 1152 907 que
1169 825 1213 888 ad

158 932 286 989 statum
302 926 431 1008 imperii
447 927 482 987 in
499 948 559 988 suo
576 925 691 990 robore
705 927 968 991 conservandum
982 935 1017 991 et
1028 929 1212 993 utilitatem

158 1053 195 1095 ac
212 1031 400 1095 libertatem
423 1032 585 1095 catholice
607 1033 745 1096 ecclesie
763 1041 912 1116 spectare
930 1042 1125 1109 noscuntur,
1142 1042 1211 1097 tam

157 1135 342 1199 secundum
373 1136 635 1200 ecclesiasticum
669 1136 815 1200 officium
846 1159 948 1221 quarn
984 1139 1215 1221 temporaliter

158 1241 405 1324 imperatoriam
436 1243 622 1324 potentiam
649 1263 839 1327 augeamus
887 1242 961 1305 Hoc
984 1242 1143 1304 nimirum
1165 1243 1215 1305 in·

159 1346 250 1408 tuitu
267 1344 430 1407 allodium
445 1345 529 1409 bone
553 1348 709 1409 memorie
735 1345 910 1410 Cornitisse
935 1345 1103 1422 Mattilde,
1120 1346 1213 1430 quod

159 1450 277 1532 utique
301 1448 342 1512 ab
365 1470 404 1512 ea
427 1448 523 1513 beato
547 1449 649 1514 Petro
675 1457 807 1514 constat
829 1472 899 1514 csse
923 1451 1094 1525 collatum,
1119 1449 1212 1514 vobis

158 1554 409 1628 committimus
426 1561 517 1617 etex
534 1555 714 1638 apostolice
731 1554 819 1618 sedis
836 1554 1083 1638 dispensatione
1100 1576 1214 1618 conce-

158 1657 278 1733 dimus,
297 1666 397 1741 atque
414 1659 449 1720 in
469 1659 635 1742 presentia
658 1657 802 1722 fratrum
825 1666 1015 1722 nostrorum
1038 1658 1215 1742 archiepis·

159 1783 328 1846 ceperum,
354 1763 595 1846 episcopcrum,
619 1762 787 1838 abbatum,
811 1785 942 1827 necnon
966 1764 1155 1846 principum
1178 1769 1214 1826 et

158 1864 321 1928 baronum
343 1888 403 1950 per
425 1867 577 1929 anullum
601 1867 847 1942 investivimus,
871 1868 919 1931 ita
941 1866 1102 1930 videlicet
1117 1873 1157 1929 ut
1173 1865 1212 1929 C.

158 1969 260 2034 libras
273 1972 404 2056 argenti
419 1972 562 2056 singulis
575 1973 670 2035 annis
682 1971 775 2035 nobis
786 1978 821 2035 et
833 1970 1076 2035 successoribus
1089 1971 1213 2034 nostris

159 2075 324 2151 exsolves,
341 2081 467 2158 etpost
482 2084 581 2139 tuum
597 2075 726 2139 obitum
742 2077 926 2160 proprietas
943 2083 977 2140 at
992 2076 1045 2160 jus
1062 2081 1096 2138 et
1112 2074 1215 2137 domi·

159 2179 254 2241 nium
284 2186 397 2242 sancte
429 2178 577 2243 Romane
609 2180 745 2243 ecclesie
770 2201 845 2244 cum
869 2181 1064 2265 integritate
1088 2178 1214 2262 absque

160 2281 383 2346 diminutione
414 2305 452 2347 ac
476 2284 630 2347 molestia
656 2291 853 2348 revertatur.
900 2283 1001 2362 Quod
1023 2284 1051 2346 si
1074 2304 1135 2347 nos
1159 2283 1214 2347 vel

111 2387 112 2392 ’
158 2386 280 2450 fratres
305 2395 436 2451 nostros
463 2389 499 2451 in
530 2387 670 2452 eandem
697 2394 819 2451 terram
846 2389 971 2463 venire,
999 2409 1131 2451 manere
1158 2387 1214 2450 vel

159 2492 301 2554 transire
318 2493 513 2575 oportuerit,
529 2501 599 2556 tarn
620 2493 655 2554 in
679 2493 900 2576 susceptione,
918 2513 1019 2575 quam
1041 2493 1077 2553 in
1099 2513 1215 2575 procu·

159 2596 288 2660 ratione
312 2602 414 2679 atque
438 2618 553 2660 securo
578 2595 758 2672 conductu,
782 2603 882 2680 prout
913 2596 1094 2679 apostolica
1119 2594 1215 2658 sedes

160 2698 355 2776 decreverit,
378 2700 590 2764 honoremur.
638 2700 706 2779 Qui
738 2722 817 2765 vero
849 2722 939 2764 arces
970 2701 1127 2775 tenuerit,
1159 2699 1215 2763 vel

161 2803 286 2867 Rector
305 2811 392 2868 terre
413 2803 526 2880 fuerit,
542 2804 639 2869 beato
656 2804 757 2868 Petro
775 2813 809 2868 et
824 2804 917 2868 nobis
937 2805 1127 2887 nostrisque
1144 2825 1217 2866 suc-

162 2907 345 2971 cessoribus
376 2907 572 2972 fidelitatem
602 2908 738 2972 faciant.
798 2908 956 2972 Ceterum
986 2930 1046 2991 pro
1078 2909 1216 2971 caritate

161 3019 272 3076 vestra
292 3011 395 3075 nobili
411 3014 484 3076 viro
501 3007 649 3077 Henrico
674 3014 823 3077 Bavvarie
848 3012 936 3087 duci,
953 3034 1076 3098 genero
1093 3019 1216 3086 vestra,

161 3123 195 3180 et
221 3115 282 3178 filii
306 3124 427 3192 vestre,
451 3119 548 3180 uxori
572 3119 653 3202 ejus,
678 3117 816 3181 eandem
839 3125 961 3180 terram
986 3117 1063 3180 c'um
1085 3114 1215 3201 prefato

161 3242 263 3284 censu
279 3227 314 3284 ct
329 3220 529 3305 supradictis
547 3221 793 3285 conditionibus
806 3221 987 3305 apostolica
1000 3220 1216 3305 benegnitate

162 3323 393 3388 concedimus:
426 3326 473 3389 ita
497 3333 608 3389 tamen
633 3333 673 3388 ut
695 3325 783 3389 idem
812 3325 881 3387 dux
912 3322 1217 3388 nobishominium

161 3428 275 3506 faciat,
299 3437 333 3493 et
355 3429 553 3493 fidelitatem
580 3430 677 3494 beato
708 3430 809 3494 Petro
833 3451 870 3493 ac
900 3428 996 3492 nobis
1026 3429 1216 3511 nostrisque

162 3532 408 3597 successoribus
444 3534 549 3618 juret:
589 3542 666 3618 post
696 3557 838 3618 quorum
870 3535 999 3598 obitum
1029 3532 1217 3617 predictum

163 3635 341 3701 Comitisse
367 3637 525 3702 Mattilde
546 3638 707 3702 allodium
723 3638 766 3701 ad
782 3639 834 3723 jus
851 3647 886 3702 et
902 3638 1086 3701 dominium
1103 3642 1217 3700 sancte
