2768 4268
164 283 226 346 116
384 299 516 346 SELECT
539 298 746 344 MEDIAEVAL
768 297 996 344 DOCUMENTS.

163 476 331 552 quatenus
347 468 405 530 ille
422 466 610 552 prefitiatur
622 467 801 530 aecclesiae
815 464 982 543 viduatae,
994 488 1094 550 quem
1107 473 1218 530 totum

163 573 349 655 capitulum
367 572 421 635 rel
438 571 542 654 major
557 579 592 634 et
604 571 716 633 sanior
730 592 805 654 pars
822 571 926 654 ipsius
943 569 1079 634 duxerit
1094 571 1220 656 eligen-

163 674 254 748 dum,
272 674 452 738 dummodo
468 674 572 737 nichil
597 674 707 738 obstet
730 675 761 737 ei
784 673 824 738 de
848 674 1017 737 canonicis
1040 674 1217 737 institutis.

164 779 417 862 Appellationes
434 787 546 840 autern
563 779 598 839 in
616 779 760 862 negotiis
784 785 818 841 et
841 778 948 842 causis
972 777 1218 855 ecclesiasticis,

163 882 333 945 adsedem
349 882 567 966 apostolicam
583 881 685 945 libere
703 881 795 957 fiant,
811 903 928 947 earum
949 883 1218 966 prosecutionem

162 988 232 1049 sive
246 1008 437 1070 processum
452 987 565 1049 nullus
579 985 740 1070 impedire
751 994 931 1070 presumat.
966 986 1218 1070 Illumquoque

163 1089 365 1152 dimittimus
390 1097 424 1152 et
447 1089 634 1152 refutamus
658 1089 808 1165 abusum,
830 1111 932 1173 quem
954 1090 990 1152 in
1013 1089 1219 1174 occupandis

163 1194 257 1257 bouis
285 1193 519 1257 decedentium
546 1194 750 1277 prelatorum
782 1200 841 1257 aut
871 1195 973 1258 etiarn
1003 1194 1220 1257 ecclesiarum

163 1299 357 1361 vacantium
373 1299 480 1360 nostri
496 1307 745 1361 consueverunt
760 1307 986 1361 antecessores
999 1299 1218 1373 committere,

163 1423 222 1484 pro
246 1410 340 1463 motu
364 1402 515 1484 propriae
540 1401 736 1464 voluntatis.
784 1401 907 1464 Omnia
930 1423 1009 1465 vero
1032 1403 1220 1486 spiritualia

164 1505 257 1568 vobis
285 1513 319 1568 et
346 1506 420 1567 aliis
448 1506 663 1569 ecclesiarum
694 1505 831 1589 prolatis
862 1507 1085 1590 relinquimus
1114 1506 1219 1570 libere

164 1609 369 1692 disponenda
395 1617 435 1672 ut
461 1631 546 1692 quae
570 1618 650 1673 sunt
674 1609 805 1673 Cesaris
830 1610 1007 1685 Cesari,et
1030 1617 1221 1694 quaesunt

164 1713 229 1775 Dei
258 1714 330 1776 Deo
358 1722 449 1777 recta
477 1713 714 1777 distributione
743 1713 938 1778 reddantur.
985 1712 1093 1798 Super
1116 1713 1221 1781 eradi-

163 1817 269 1879 cando
286 1825 399 1881 autem
416 1818 581 1880 hereticae
606 1818 781 1901 pravitatis
805 1840 925 1893 errore,
941 1819 1109 1880 auxilium
1131 1817 1221 1882 dabi-

164 1943 238 1983 mus
273 1930 308 1985 et
338 1943 471 2005 operam
504 1921 679 1984 efficacem.
742 1921 971 1985 Possessiones
1003 1923 1105 1985 etiam
1135 1943 1219 2006 quas

164 2026 323 2088 {aecclesia
342 2026 500 2098 Romana,
517 2026 738 2108 recuperavit,
755 2026 796 2089 ab
811 2025 1074 2090 antecessoribus
1095 2027 1220 2090 nostris

163 2151 223 2191 scu
251 2129 457 2211 quibuslibet
484 2129 557 2191 aliis
585 2138 662 2192 aute
691 2129 853 2204 detentae,
881 2129 1002 2194 liberas
1027 2137 1062 2194 et
1087 2132 1220 2215 quietas

164 2232 375 2306 dimittimus,
393 2234 565 2317 ipsamque
589 2233 709 2296 adeas
733 2233 928 2297 obtinendas
951 2233 1037 2297 bona
1060 2234 1125 2298 fide
1148 2257 1221 2319 pro

165 2338 329 2398 mittimus
341 2335 509 2420 :uljuuuc
558 2336 651 2414 Quas
668 2345 781 2400 autem
798 2337 947 2400 nondum
963 2340 1219 2422 recuperaverit,

164 2439 206 2502 ad
230 2440 496 2523 recuperandum
523 2463 582 2524 pro
603 2442 729 2504 viribus
757 2443 879 2505 erimus
907 2441 1127 2526 coadjutores
1175 2444 1220 2507 Et

165 2566 396 2627 quaecumque
417 2545 459 2607 ad
482 2567 600 2608 manus
624 2553 755 2608 nostras
779 2545 969 2621 devenient,
986 2548 1056 2610 sine
1081 2546 1221 2610 difficul-

164 2655 233 2710 tate
251 2648 281 2710 ei
298 2649 474 2711 restituere
492 2658 693 2733 satagemus.
742 2649 797 2711 Ad
814 2650 872 2713 has
889 2652 1035 2734 pertinet
1046 2658 1118 2715 tota
1130 2659 1220 2715 terra

165 2773 250 2834 quac
282 2760 332 2814 cst
363 2773 381 2814 a
413 2751 651 2835 ltadicophano
682 2775 789 2837 usque
823 2753 1041 2836 Zeperanum,
1073 2754 1220 2818 marchia

165 2856 390 2930 Anconitaua,
408 2856 551 2919 ducatus
577 2856 787 2940 spoletanus,
804 2866 893 2920 terra
916 2859 1102 2922 comitissae
1127 2858 1221 2921 Mah-

165 2959 267 3035 tildis,
292 2962 470 3023 comitatus
496 2961 701 3035 Brittenorii,
726 2970 903 3024 exarcatus
928 2962 1119 3037 Ravennae,
1136 2962 1221 3026 Pen-

165 3065 294 3147 tapolis,
313 3086 389 3127 curn
406 3066 478 3127 aliis
496 3064 727 3149 adjacentibus
744 3068 841 3129 terris
858 3067 1024 3149 expressis
1043 3067 1078 3128 in
1103 3067 1219 3131 multis

164 3169 349 3253 privilegiis
367 3170 605 3253 imperatorum
625 3178 659 3232 ct
677 3192 806 3254 regum,
822 3192 841 3233 a
865 3178 1011 3254 tempore
1036 3170 1219 3246 Ludowici,

164 3280 204 3335 ut
220 3294 274 3335 eas
292 3273 411 3336 habeat
428 3274 578 3336 Romana
593 3274 754 3337 aecclesia
771 3275 806 3336 in
822 3282 1024 3358 perpetuum
1041 3275 1220 3338 cumomni

164 3376 405 3459 jurisdictione,
438 3377 605 3453 districtu,
637 3385 671 3440 et
704 3378 826 3442 honore
858 3400 928 3441 suc.
976 3379 1219 3442 Verumtamen

165 3503 242 3542 oum
258 3480 300 3543 ad
316 3481 540 3564 recipiendam
557 3503 712 3545 coronam
729 3484 859 3566 imperii
883 3484 937 3546 vel
961 3505 1021 3566 pro
1045 3485 1221 3548 necessita-

165 3583 255 3648 tibus
279 3586 439 3648 aecclesia
463 3585 504 3647 ab
526 3587 707 3669 apostolica
730 3587 807 3650 sede
832 3588 942 3650 vocati
961 3588 1160 3661 venerimus
1179 3586 1218 3650 de

165 3688 323 3752 mandato
339 3690 460 3789 suprmi
477 3690 654 3772 pontificis
670 3692 867 3774 recipiemus
884 3692 1132 3774 procurationes
1148 3692 1218 3755 sive
