2768 4268
293 319 430 366 PERIOD
454 319 500 366 OF
523 319 597 365 THE
620 316 865 365 FRANGONIAN
887 316 1091 364 EMPERORS.
1178 298 1220 363 55

160 589 237 651 ‘rar
265 589 385 653 error
412 590 463 652 nr
487 589 630 652 narrar
653 588 810 651 perosas
836 587 1007 651 careum
1028 587 1095 648 vir.
1123 587 1218 668 (June,

642 688 741 766 1080).

514 846 861 909 memmnuffl

207 1008 309 1072 Anno
340 1008 526 1073 dominicae
558 1008 796 1072 incarnationis
822 1007 917 1083 1080,
941 1005 1109 1071 mediante
1136 1027 1220 1070 sere

163 1113 299 1177 nissimo
315 1135 393 1200 rege
411 1112 572 1177 Heinrico
589 1112 653 1177 IV.
669 1133 757 1176 anno
773 1112 867 1197 regni
883 1111 955 1196 ejus
972 1111 1022 1185 26,
1040 1110 1058 1174 7
1076 1109 1217 1173 Kalend.

162 1217 248 1280 Julii
269 1216 351 1281 feria
374 1216 403 1294 5,
428 1216 502 1280 Ind.
528 1218 557 1292 3,
582 1239 659 1280 cum
682 1216 773 1301 apud
797 1216 973 1278 Brixinam
996 1214 1154 1279 Noricam
1177 1213 1218 1277 30

159 1322 393 1406 episcoporum
409 1330 605 1398 conventus,
619 1343 681 1385 neo
699 1342 766 1384 non
779 1328 814 1385 et
825 1320 1027 1404 optimatum
1039 1319 1217 1393 exercitus

163 1447 232 1489 non
247 1426 356 1489 solum
373 1425 490 1490 Italiae
506 1425 566 1490 sed
581 1432 616 1490 et
629 1424 839 1500 Germaniae,
850 1425 945 1509 jussu
968 1424 1061 1508 regio
1084 1444 1219 1508 congre·

159 1538 308 1615 garetur,
324 1529 414 1594 facta
437 1538 487 1594 est
511 1551 577 1594 vox
601 1551 669 1592 una
692 1529 788 1593 velut
810 1527 852 1592 ab
874 1550 930 1592 ore
954 1514 1103 1591 omnium
1128 1528 1219 1591 terri-

162 1633 275 1698 biliter
287 1635 564 1717 conquerentium
578 1655 679 1718 super
692 1633 885 1697 truculenta
896 1633 1032 1696 vesania
1045 1630 1219 1716 cujusdam

163 1736 386 1801 Hildebrandi
401 1737 694 1822 pseudomonachi,
707 1736 861 1823 Gregorii
872 1757 976 1821 papae
993 1736 1127 1819 septimi
1144 1757 1219 1820 cog-

163 1842 338 1916 nominati,
351 1863 412 1905 cur
427 1849 495 1905 tam
512 1840 572 1904 diu
587 1843 694 1925 ipsam
710 1864 769 1905 rex
785 1863 914 1925 semper
928 1840 1075 1903 invictus
1091 1840 1218 1903 saevire

163 1952 337 2029 pateretur
354 1946 524 2022 intactam,
541 1967 617 2009 cum
635 1967 692 2009 vas
716 1946 889 2010 electionis
913 1944 1040 2007 Paulus
1064 1951 1218 2018 testetur,

163 2050 348 2134 principem
365 2071 432 2113 non
448 2051 519 2115 sine
537 2071 637 2114 causa
653 2050 739 2115 ferre
755 2049 918 2136 gladium,
934 2055 969 2113 et
985 2049 1107 2112 Petrus
1128 2069 1220 2132 apos-

163 2154 309 2217 tolorum
336 2155 464 2239 primus
491 2175 559 2218 non
585 2155 694 2218 solum
723 2176 836 2240 regem
863 2153 1073 2239 praecellere,
1101 2174 1219 2216 verum

162 2257 267 2323 duces
290 2258 332 2322 ab
354 2280 393 2322 eo
416 2258 597 2323 mittendos
621 2280 702 2335 esse,
720 2258 852 2334 clamet,
869 2258 912 2321 ad
930 2257 1116 2322 vindictam
1132 2256 1220 2320 vide·

163 2363 245 2427 licet
267 2363 440 2438 malorum,
457 2361 500 2426 ad
522 2363 658 2428 laudem
677 2385 756 2428 vero
778 2363 951 2428 bonorum.
997 2361 1054 2425 Ad
1077 2383 1220 2446 quorum

164 2468 270 2552 igitur
292 2467 557 2532 satisfactionem
584 2469 694 2532 visum
718 2475 769 2532 est
800 2469 862 2552 ipsi
885 2467 1125 2553 gloriosissimo
1148 2466 1220 2551 regi

163 2572 436 2656 principibusque
468 2573 541 2657 ejus
567 2573 706 2658 justum,
732 2580 771 2635 ut
797 2571 961 2657 judicium
989 2572 1220 2655 episcoporum

162 2675 297 2739 divinae
323 2676 620 2740 animadversionis
645 2677 811 2741 sententia
838 2675 989 2761 gladium
1015 2674 1218 2738 materialem

165 2780 199 2840 in
217 2780 326 2862 ipsum
343 2779 612 2845 Hildebrandum
629 2780 850 2864 praecederet,
867 2788 907 2843 ut
928 2801 1029 2863 quem
1052 2779 1220 2863 praesules

163 2883 380 2946 ecclesiarum
417 2885 508 2967 prius
547 2906 566 2948 a
596 2884 737 2969 superba
767 2885 971 2969 praelatione
1005 2882 1219 2966 deponerent,

164 2986 310 3050 eundern
344 2987 559 3070 postmodum
591 2989 712 3074 regalis
743 2989 896 3073 potentia
927 2987 1083 3051 licentius
1114 3007 1222 3070 perse-

164 3089 337 3174 quendum
369 3090 573 3156 decerneret.
622 3092 707 3170 Quis
738 3114 818 3178 ergo
851 3090 1001 3155 fidelium
1033 3091 1092 3175 qui
1123 3090 1221 3152 illum

166 3195 271 3269 novit,
309 3194 533 3259 damnationis
569 3197 717 3281 jaculum
756 3205 873 3261 contra
908 3196 1019 3279 ipsum
1055 3201 1221 3257 metueret

164 3299 369 3383 intorquere,
386 3300 444 3383 qui
460 3299 502 3364 ab
518 3301 656 3365 ineunte
672 3307 780 3365 aetate
801 3298 927 3362 mundo
950 3321 984 3363 se
1008 3297 1141 3362 studuit
1164 3319 1222 3381 per

164 3403 297 3467 inanem
312 3403 452 3489 gloriam
468 3396 570 3468 nullis
583 3403 845 3489 suffragantibus
863 3404 990 3469 meritis
1004 3424 1103 3487 supra
1119 3401 1222 3464 homi-

164 3528 243 3570 nem
277 3507 518 3585 commendare,
543 3518 578 3574 et
609 3510 737 3573 somnia
760 3517 795 3573 et
825 3508 1050 3572 divinationes
1073 3506 1220 3591 proprias

163 3619 200 3675 et
216 3612 356 3674 aliorum
373 3611 508 3677 divinae
526 3612 735 3698 dispositioni
751 3633 965 3698 praeponere,
979 3610 1095 3675 habitu
1112 3630 1222 3674 mona·

163 3713 248 3779 chus
271 3715 388 3791 rideri,
412 3725 447 3780 et
472 3715 677 3801 professione
703 3738 770 3781 non
794 3738 865 3782 esse
889 3716 1133 3783 ecclesiasticae
1158 3713 1222 3776 dis-
