2768 4268
164 290 204 353 16
381 306 514 353 SELEGT
536 307 742 353 MEDIAEVAL
769 307 999 354 nocclluurs.

162 476 317 560 populus
336 474 470 559 quodsi
493 476 528 538 in
545 473 727 539 offensione
744 497 804 539 sua
821 482 937 539 contra
953 475 1092 540 eandem
1109 478 1220 564 legem

162 580 313 655 fecerint,
330 579 439 643 eidem
460 580 528 665 legi
552 602 653 664 quam
668 580 870 663 profitentur
889 601 949 664 per
965 579 1220 665 dispositionem

162 685 329 768 pontificis
345 705 382 748 ac
398 691 548 747 nostram
562 683 791 767 subjacebunt.

207 789 237 850 6.
262 788 313 852 De
330 787 427 851 rebus
448 788 663 851 ecclesiarum
685 788 809 871 injuste
827 789 951 851 invasis
967 787 1031 851 sub
1046 791 1219 854 occasione

163 893 259 976 quasi
275 892 409 956 licentia
425 900 561 975 accepta
576 914 595 954 a
611 893 779 976 pontifice,
793 899 827 956 ct
843 891 882 955 de
899 892 951 954 his
968 914 1054 975 quae
1073 893 1219 956 necdum

163 996 305 1060 ridditae
322 1003 403 1059 sunt
425 1004 459 1059 et
482 1004 592 1059 tamen
616 995 757 1060 fuerunt
780 996 903 1080 injuste
920 1018 938 1058 a
954 1004 1120 1080 potestate
1143 1018 1221 1081 pon-

164 1100 293 1164 tificum
324 1100 448 1174 invase,
480 1100 634 1163 volumus
666 1106 705 1162 ut
736 1121 796 1183 per
827 1100 943 1163 missos
975 1108 1105 1164 nostros
1137 1101 1220 1165 fiant

164 1203 367 1269 emendatae.
896 1209 899 1215 ’

209 1307 238 1372 l.
263 1307 481 1371 Prolribemus
498 1316 537 1371 ut
553 1306 826 1390 depraedationes
842 1308 931 1371 inter
947 1309 1090 1371 confinia
1107 1318 1220 1373 nostra

164 1413 253 1476 ultra
269 1433 337 1475 non
352 1412 445 1487 fiant,
462 1420 496 1475 et
512 1433 597 1495 quae
614 1411 721 1474 factae
738 1419 828 1485 sunt,
844 1411 1029 1474 secundum
1053 1413 1161 1496 legem
1178 1414 1219 1477 de

90 1539 94 1546 ·
165 1517 318 1601 utrisque
341 1516 492 1600 partibus
509 1516 699 1579 ordinemus
720 1524 760 1579 ut
781 1516 1011 1580 ernendentur.
1059 1515 1221 1580 Similiter

165 1622 331 1695 volumus,
345 1628 384 1683 ut
400 1628 527 1684 ceterae
545 1621 729 1705 injustitiae
747 1619 787 1684 de
804 1621 956 1704 utrisque
973 1619 1124 1704 partibus
1138 1621 1220 1684 fiant

166 1725 371 1789 emendatae.

210 1831 239 1892 8.
264 1829 398 1892 Placuit
414 1828 519 1903 nobis,
535 1838 575 1893 ut
591 1830 705 1892 cuncti
728 1828 855 1913 judices
871 1830 940 1892 sive
958 1830 992 1892 hi
1014 1830 1073 1912 qui
1089 1830 1218 1892 cunctis

164 1956 313 2019 pracesse
331 1933 463 2008 debent,
481 1956 540 2017 per
556 1956 639 2016 quos
656 1934 829 2016 judiciaria
845 1943 991 2016 potestas
1009 1936 1043 1995 111
1060 1934 1120 1996 bac
1138 1932 1218 1995 urbe

166 2040 315 2103 Romana
331 2039 385 2123 agi
402 2036 535 2111 debent,
547 2039 583 2100 in
599 2039 785 2120 praesentia
803 2046 916 2099 nostra
928 2038 1084 2109 reniaut3
1110 2038 1221 2099 volou-

164 2151 214 2207 tes
231 2164 407 2205 numerum
430 2150 463 2205 et
487 2143 621 2203 nomina
639 2162 754 2203 eorum
779 2149 812 2202 et
837 2142 930 2211 scire,
955 2149 989 2202 01
1014 2141 1156 2223 singulis
1179 2140 1219 2202 dc

164 2247 348 2310 ministerio
364 2245 426 2309 sibi
442 2244 569 2309 credito
585 2244 849 2307 admonitionem
865 2244 983 2306 lacere.

210 2351 238 2413 9.
263 2351 451 2413 Novissime
475 2349 703 2423 admoneatur,
721 2356 760 2411 ut
783 2349 889 2410 omnis
913 2348 1022 2422 homo,
1044 2348 1132 2409 sicut
1157 2347 1220 2409 llci

164 2456 306 2541 gratiam
333 2462 367 2517 et
393 2461 540 2516 nostram
568 2453 686 2516 babere
719 2451 904 2523 desiderat3
937 2452 983 2513 ita
1011 2458 1156 2533 praestet
1189 2451 1220 2510 'u

165 2558 320 2623 omnibus
335 2557 579 2622 oboedientiam
598 2565 698 2639 atquc
715 2555 936 2619 reverentiam
958 2554 1036 2617 huic
1061 2554 1176 2636 pontiti
1192 2556 1220 2615 ·i.

448 2731 693 2795 Sacramentum
710 2730 940 2792 Rornanorum.

210 2871 375 2935 Promitto
392 2892 453 2956 ego
469 2870 526 2933 ille
544 2891 602 2953 per
619 2868 729 2930 Deum
746 2868 1018 2950 omnipotentem,
1036 2875 1070 2931 01
1086 2890 1144 2951 per
1160 2869 1222 2929 ista

165 2997 256 3039 sacra
287 2983 432 3058 quatuor
460 2973 644 3058 euangelia,
673 2980 707 3036 et
737 2993 796 3056 per
822 2971 907 3035 hano
936 2993 1068 3036 crucem
1096 2971 1222 3034 domini

165 3081 272 3143 nostri
296 3079 373 3142 Iesu
397 3078 533 3152 Christi,
550 3085 585 3141 et
607 3073 800 3161 percorpus
823 3076 1004 3153 beatissimi
1029 3076 1121 3138 Petri
1137 3076 1224 3157 prin-

128 3265 129 3269 *
166 3185 248 3268 cipis
276 3184 512 3267 apostolorum,
530 3181 620 3265 quod
648 3182 688 3245 ab
715 3181 775 3244 hac
800 3180 853 3244 die
879 3181 913 3242 111
938 3180 1090 3243 futurum
1115 3179 1222 3239 fidelis

166 3310 222 3352 ero
250 3287 392 3351 dominis
420 3289 540 3351 nostris
568 3287 820 3371 imperatoribus
852 3285 1055 3348 Hludowioo
1084 3290 1117 3344 01
1145 3281 1224 3342 1110-

166 3392 275 3455 thario
307 3391 424 3456 diebus
451 3393 540 3456 vitae
573 3413 674 3466 meae,
706 3392 803 3474 juxta
830 3391 916 3453 vires
948 3397 983 3452 et
1013 3387 1223 3449 intellectum

167 3517 289 3570 meum,
305 3497 376 3559 sine
400 3495 519 3559 fraude
536 3504 636 3579 atque
654 3497 741 3558 malo
765 3495 910 3578 ingenio,
927 3493 1020 3555 salva
1042 3489 1105 3552 fide
1123 3511 1224 3571 quam

167 3600 339 3684 repromisi
365 3599 488 3662 domno
514 3600 716 3682 apostolic03
750 3606 784 3662 et
809 3596 900 3680 quod
925 3617 992 3657 non
1018 3593 1224 3656 consentiam

167 3710 208 3766 ut
222 3705 321 3767 aliter
336 3704 371 3765 111
388 3703 449 3766 hac
474 3702 551 3766 sede
577 3703 726 3765 Romana
750 3702 807 3764 fiat
831 3700 951 3764 electio
975 3697 1142 3781 pontificis
1160 3695 1224 3757 nisi
