2768 4268
194 304 258 368 146
415 318 547 366 sunncr
569 317 776 364 unnrmvnn
797 317 1027 364 nocumnurs.

195 510 256 553 nos
272 495 307 554 et
321 487 441 552 iratres
460 487 566 551 nostri
590 494 756 570 quantum
778 487 813 548 in
838 485 931 550 nobis
955 493 1035 564 erat,
1052 509 1166 574 pacem
1189 510 1253 572 per

195 594 307 657 omnia
322 613 437 657 secum
459 590 580 655 habere
604 612 664 654 nec
689 611 756 653 non
780 612 857 653 cum
880 591 1033 655 omnibus
1056 591 1252 656 hominibus

196 696 402 782 optabamus
420 696 525 780 parati
541 716 670 779 semper
685 715 800 778 pacem
822 694 885 757 sibi
908 702 942 758 et
965 696 1249 779 tranquillitatem

196 801 272 865 dare
299 822 337 865 66
365 799 490 863 mundo
517 801 618 863 etiam
641 800 806 862 universo.
862 798 908 862 Et
930 799 1010 882 quia
1033 800 1251 883 prelatorum,

196 906 392 970 clericorum
408 905 624 987 omniumque
643 903 784 965 aliorum
800 924 884 986 quos
904 901 1076 967 detinebat
1099 906 1252 988 captivas.

196 1017 230 1074 ct
245 1010 394 1072 omnium
410 1015 479 1071 tam
496 1009 692 1072 clericorum
709 1027 810 1090 quam
824 1007 998 1092 laycorum
1014 1029 1098 1092 quos
1116 1017 1253 1093 ceperat.

195 1115 230 1177 in
246 1115 350 1200 galeis
370 1113 542 1178 restitucio
565 1119 698 1196 poterat
721 1132 791 1175 esse
815 1113 905 1195 pacis
929 1113 1111 1196 plurimum
1134 1112 1253 1177 induc-

194 1220 275 1293 tiva,
299 1240 377 1283 eum
400 1225 440 1281 ut
461 1218 537 1281 illos
560 1217 764 1292 restitueret,
788 1237 865 1280 cum
889 1216 950 1280 hoc
974 1216 1063 1280 idem
1086 1225 1155 1280 tam
1178 1218 1252 1302 ipse

196 1345 297 1407 quam
313 1324 365 1386 sui
381 1323 497 1386 nuncii
513 1330 693 1406 antequam
705 1322 748 1385 ad
759 1322 967 1407 apostolatus
980 1323 1089 1386 vocati
1101 1344 1251 1387 essemus

196 1426 351 1503 officium,
367 1426 734 1512 promisissent-rogari
751 1433 785 1490 et
801 1427 868 1511 peti
886 1425 1014 1511 abipso
1030 1425 1171 1491 fecimus
1190 1449 1252 1511 per

196 1531 339 1607 eosdem,
356 1553 393 1594 ac
409 1531 549 1615 proponi
564 1532 701 1615 insuper
719 1530 810 1614 quod
825 1529 927 1594 iidem
942 1552 1001 1614 pro
1022 1529 1116 1594 nobis
1139 1531 1250 1614 parati

196 1643 292 1699 erant
307 1634 422 1699 audire
438 1643 474 1698 et
489 1642 629 1699 tractare
646 1656 760 1719 pacem
777 1656 814 1698 ac
839 1634 940 1698 ctiam
963 1634 1078 1698 audire
1102 1632 1253 1699 satisfac-

197 1741 321 1803 tionem
338 1761 439 1823 quam
455 1738 563 1803 facere
581 1739 685 1803 vellet
700 1740 852 1822 princeps
869 1738 910 1802 (16
927 1738 1080 1802 omnibus
1096 1759 1156 1823 pro
1179 1739 1253 1822 qui·

197 1843 258 1906 bus
274 1843 410 1908 vinculo
426 1844 782 1907 excommunicationis
799 1850 871 1906 erat
895 1843 1061 1918 astrictus,
1078 1851 1113 1907 et
1136 1840 1251 1907 offerri

196 1955 346 2031 preterea
362 1946 454 2031 quod
469 1949 497 2010 si
513 1947 665 2011 Ecclesia
681 1968 758 2011 eum
774 1947 809 2009 in
825 1947 938 2031 aliquo
958 1954 1076 2011 contra
1099 1945 1251 2010 debiturn

196 2052 326 2126 leserat,
349 2051 441 2134 quod
463 2072 530 2114 non
553 2051 717 2128 credebat,
734 2060 849 2136 parata
871 2058 943 2115 erat
967 2050 1130 2135 corrigere
1154 2071 1191 2114 66
1215 2051 1251 2113 16

196 2162 323 2219 statum
339 2154 489 2219 debitum
505 2154 696 2220 reformare.
742 2156 788 2219 Et
806 2157 834 2219 si
857 2154 985 2219 diceret
1006 2155 1076 2239 ipsc
1100 2153 1192 2238 quod
1215 2154 1253 2218 in

198 2258 293 2321 nullo
312 2266 429 2322 contra
447 2259 611 2344 justitiam
634 2260 756 2324 leserat
779 2259 963 2323 Ecclesiam
986 2259 1041 2323 vel
1068 2258 1161 2343 quod
1189 2280 1255 2322 nos

198 2372 413 2427 cumcontra
435 2364 602 2448 justiciam
626 2366 825 2441 lesissemus‚
847 2367 954 2451 parati
978 2387 1109 2430 cramus
1132 2386 1250 2429 vocare

198 2489 302 2553 reges,
315 2467 459 2551 prelatos
475 2475 510 2532 et
525 2469 691 2553 principes
708 2476 779 2533 tam
795 2470 1035 2534 ecclesiasticas
1049 2490 1149 2553 quam
1161 2490 1256 2533 secu-

197 2573 282 2635 lares
299 2571 341 2634 ad
357 2571 504 2655 aliquem
521 2580 634 2637 tutum
649 2573 771 2644 locum,
788 2574 845 2638 ubi
861 2595 966 2658 perse
980 2574 1035 2638 vel
1051 2573 1254 2657 sollempnes

198 2675 339 2738 nuncios
356 2677 585 2741 convenirent.
633 2677 796 2762 Eratque
814 2684 928 2762 parata
945 2677 1095 2743 Ecclesia
1113 2677 1154 2741 (16
1178 2698 1257 2741 666-

198 2781 273 2844 61116
289 2781 421 2843 66661111
437 2780 498 2843 sibi
514 2782 705 2846 satisfacere
723 2784 751 2846 si
767 2805 844 2846 eum
861 2783 992 2846 lesisset
1015 2783 1050 2844 in
1073 2781 1197 2864 aliquo,
1214 2801 1254 2844 66

198 2905 352 2948 revocare
369 2885 575 2948 sentenciam
591 2887 618 2948 si
635 2908 737 2970 quarn
754 2895 869 2950 contra
882 2908 959 2950 eum
972 2886 1095 2970 injuste
1109 2885 1255 2957 tulisset,
1272 2909 1275 2915 ·

199 2997 234 3054 et
260 3012 337 3053 cum
362 2990 452 3052 omni
479 2990 735 3054 mansuetudine
764 3012 801 3055 ac
828 2990 1062 3064 misericordia,
1087 2996 1253 3073 quantum

200 3116 274 3158 curn
292 3094 365 3158 Deo
382 3103 416 3158 et
432 3094 555 3158 honore
571 3116 632 3158 suo
649 3094 720 3158 ficri
737 3103 876 3179 poterat,
894 3095 1038 3179 recipere
1056 3093 1096 3157 de
1120 3092 1256 3177 injuriis

199 3206 234 3262 et
250 3197 385 3262 offensis
401 3199 465 3282 ipsi
482 3197 632 3262 Ecclesia
650 3200 785 3284 suisque
802 3222 861 3283 per
884 3221 961 3264 eum
985 3199 1138 3284 irrogatis
1161 3197 1258 3260 satis-

199 3300 381 3366 factionem
398 3301 536 3386 abipso.
576 3302 723 3367 Volebat
733 3304 833 3368 etiam
844 3303 994 3367 Ecclesia
1005 3324 1118 3366 omnes
1131 3301 1254 3364 amicos

199 3428 276 3470 suos
292 3406 422 3490 sibique
440 3405 637 3471 adherentes
653 3408 688 3470 in
704 3404 783 3492 6666
800 3428 922 3492 ponere
944 3407 1110 3490 plenaque
1134 3404 1259 3468 securi--

200 3517 269 3575 tate
286 3510 442 3596 gaudere,
460 3518 495 3574 et
511 3532 685 3594 nunquam
701 3511 762 3576 hae
779 3512 950 3576 occasione
967 3516 1103 3594 possent
1115 3506 1255 3591 aliquod

199 3614 309 3678 subire
338 3614 524 3678 discrimen.
580 3613 645 3679 Sed
672 3615 752 3680 licet
778 3616 825 3680 sic
857 3615 944 3699 apud
977 3634 1142 3697 cumpro
1173 3633 1257 3696 pace

199 3720 345 3803 paternis
363 3719 497 3782 monitis
514 3727 548 3784 61
564 3741 701 3803 precum
717 3719 845 3784 isisterc
862 3718 1090 3783 curaverimus
1102 3717 1258 3789 lenitate,
