2768 4268
186 336 228 399 66
405 351 536 399 sunnon
559 351 767 398 uummvxn
792 328 1021 400 occursurus.

187 541 226 584 eo
243 519 428 604 pravilegio
445 520 646 595 continetur,
664 519 755 603 quod
771 520 912 584 ellectus
928 520 1085 584 canonice
1109 540 1128 582 a
1151 519 1246 583 clero

187 631 223 687 et
237 623 362 706 populo
378 644 398 685 a
413 623 545 687 nemine
561 631 783 699 consecretur,
800 624 865 686 nisi
881 625 974 707 prius
995 645 1014 686 a
1034 645 1111 708 rege
1134 624 1247 687 inves-

188 727 302 801 tiatur,
320 726 411 810 quod
427 733 478 791 est
494 734 611 790 contra
630 725 792 810 Spiritum
816 736 971 791 sanctum
992 734 1027 791 et
1047 727 1245 791 canonicam

187 830 447 894 institutionem.

233 933 387 998 Perlecta
402 956 481 999 vero
501 934 562 999 hac
586 944 686 1011 carta,
702 937 923 1000 acclamatum
946 942 998 1000 est
1021 936 1062 1001 ab
1084 935 1247 1000 universo

190 1038 346 1102 concilio:
373 1047 392 1076 ‘⁶
402 1037 531 1103 Amen!
556 1039 685 1104 Amen!
711 1037 809 1125 fyad!
834 1037 949 1103 fiadl''

643 1305 779 1330 -000—

444 1512 517 1575 THE
541 1513 757 1574 OONOORDAT
782 1513 825 1574 OF
848 1513 987 1574 WORMS.

390 1695 431 1775 a)
461 1692 495 1757 T
493 1693 529 1758 bc
548 1693 758 1779 'Conceaaicns
775 1696 813 1776 of
830 1693 976 1757 Caliatua
992 1693 1042 1756 ΙΙ.

566 1847 610 1908 [n.
623 1848 653 1895 e.
665 1850 708 1904 11,
720 1850 768 1894 m.
782 1851 813 1894 11.
825 1847 874 1907 aa]

235 1972 307 2059 Ego
325 1972 480 2037 Calixtus
500 1975 675 2059 episcopus
692 1997 808 2039 servus
824 1996 997 2039 servorum
1022 1974 1096 2049 Dei,
1113 1973 1176 2038 tibi
1199 1972 1248 2037 di·

189 2077 276 2140 lecto
288 2076 357 2140 filio
374 2077 418 2140 H.
436 2077 500 2141 Dei
516 2080 623 2164 gratia
636 2078 864 2142 Romanorum
878 2079 1072 2162 imperatori
1088 2085 1245 2163 august0,

190 2180 337 2244 concedo
360 2181 540 2246 electiones
566 2183 798 2266 episcoporum
823 2190 859 2246 et
882 2182 1040 2245 abbatum
1065 2181 1246 2245 Teutonici

189 2286 294 2369 regni,
311 2285 370 2368 qui
395 2284 437 2347 ad
461 2307 604 2371 regnum
630 2287 808 2370 pertinent,
828 2287 864 2348 in
888 2287 1055 2370 presentia
1080 2293 1139 2348 tua
1163 2284 1246 2360 fieri,

190 2389 314 2472 absque
341 2391 500 2474 symonia,
526 2396 561 2454 et
587 2391 700 2474 aliqua
727 2391 908 2465 violentia3
943 2397 982 2453 ut
1008 2391 1037 2452 si
1064 2410 1131 2473 qua
1158 2390 1248 2452 inter

190 2501 300 2577 partes
324 2493 488 2557 discordia
512 2496 693 2568 emerserit,
710 2495 960 2577 metropolitani
983 2501 1017 2558 et
1040 2494 1248 2576 comprovin-

191 2597 326 2661 cialium
350 2599 489 2661 consilio
515 2599 569 2662 vel
593 2598 729 2682 judicic,
750 2598 879 2662 Saniori
904 2600 991 2682 parti
1016 2619 1188 2661 assensum
1212 2603 1249 2661 et

190 2703 356 2765 auxilium
371 2701 517 2786 prebeas.
564 2703 703 2767 Electus
727 2710 840 2766 autern
861 2704 997 2789 regalia,
1014 2703 1139 2786 absque
1155 2702 1247 2765 omni

190 2807 375 2882 exactione,
392 2828 451 2890 per
466 2815 634 2891 sceptrum
650 2829 669 2870 a
686 2815 719 2871 te
735 2808 884 2891 recipiat,
901 2814 1017 2890 etque
1035 2829 1077 2870 ex
1098 2807 1149 2869 his
1172 2806 1246 2889 jure

190 2911 251 2974 tibi
274 2909 373 2974 debet
393 2910 506 2974 faciat.
552 2911 605 2974 Ex
622 2912 696 2975 aliis
712 2932 792 2976 vero
808 2911 957 2995 partibus
981 2911 1112 2994 imperii
1136 2931 1249 2974 conse-

190 3024 311 3090 cratus,
328 3013 417 3078 inira
432 3036 491 3079 sex
512 3037 651 3091 menses,
668 3016 792 3101 regalia
808 3015 932 3099 absque
957 3015 1047 3077 omni
1071 3014 1247 3078 exactione

189 3141 250 3203 per
261 3126 431 3203 sceptrum
447 3141 466 3182 a
482 3127 515 3184 te
531 3121 679 3203 recipiat,
698 3127 732 3184 ct
755 3141 820 3203 que
838 3141 879 3183 ex
895 3119 947 3182 his
970 3119 1044 3203 jure
1066 3119 1127 3182 tibi
1149 3117 1249 3182 debet
1276 3119 1279 3123 ’

189 3222 301 3287 iaciat.
349 3223 509 3308 Exceptis
534 3224 687 3287 omnibus
711 3245 777 3307 que
802 3223 845 3287 ad
868 3223 1052 3286 Romanam
1072 3221 1248 3286 ecclesiam

189 3329 357 3412 pertinere
370 3335 567 3392 noscuntur.
615 3328 666 3391 De
680 3328 802 3412 quibus
815 3349 893 3391 vero
906 3327 988 3389 mihi
1004 3325 1248 3410 querimoniam

189 3417 318 3508 feceris
342 3440 376 3496 et
399 3433 562 3496 auxilium
589 3433 821 3517 postulaveris
845 3431 1030 3495 secundum
1055 3430 1154 3494 officii
1181 3430 1248 3493 mei

191 3535 341 3603 debitum
357 3537 523 3600 auxilium
546 3536 607 3600 tibi
630 3536 796 3620 prestabo
842 3535 895 3598 Do
912 3535 973 3599 tibi
989 3557 1103 3598 veram
1121 3555 1248 3619 pacem,

190 3649 225 3704 et
241 3641 395 3704 omnibus
419 3641 478 3723 qui
501 3641 536 3702 in
559 3648 653 3724 parte
675 3647 734 3703 tua
749 3646 840 3714 sunt,
858 3639 912 3702 vel
930 3637 1081 3714 fuerunt,
1098 3645 1249 3720 tempore

189 3744 291 3828 hujus
308 3743 503 3807 discordiae.
