2768 4268
192 308 232 372 86
410 324 542 371 suasor
564 325 769 371 nuncnunc
795 325 1025 372 uocunnurs

191 514 245 557 eos
262 492 401 557 honeste
418 514 456 556 ac
472 492 615 578 benigne
632 495 783 577 recipias
800 501 834 557 et
851 493 943 578 quod
961 493 1002 558 ab
1020 495 1067 557 eis
1086 516 1128 558 ex
1151 501 1245 578 parte

190 604 304 660 nostra
327 604 404 660 tuae
427 597 695 682 magnificentiae
720 597 823 661 fucrit
845 599 1048 673 intimatum,
1070 619 1090 660 a
1111 599 1247 661 sinceri·

190 708 260 764 tate
276 699 385 765 cordis
402 703 509 764 nostri
525 703 657 764 noverit
676 710 735 765 tua
758 703 959 765 excellentia
983 703 1189 786 processisse,
1206 723 1244 765 ac

190 826 249 888 per
271 803 333 867 hoo
358 826 434 867 cum
458 804 582 868 eisdem
605 805 682 868 filiis
706 807 840 882 nostris,
865 804 1033 870 mediante
1059 806 1125 890 jam
1153 805 1244 869 dicto

190 908 259 971 filio
276 915 389 971 nostro
406 908 501 983 duce,
518 910 566 972 ita
582 910 747 973 celsitudo
764 918 823 973 tua
842 909 978 974 studeat
1001 911 1187 984 convenire,
1205 917 1246 974 ut

189 1013 278 1077 inter
294 1021 326 1077 te
343 1021 378 1076 et
393 1020 533 1076 matrem
550 1021 642 1076 tuam
658 1021 901 1077 sacrosanctam
919 1014 1104 1077 Romanam
1123 1013 1246 1077 aeccle·

189 1118 273 1180 siam
300 1116 487 1202 [ammodo]
519 1116 646 1180 nullius
674 1117 856 1181 discordiae
881 1119 1097 1182 seminarium
1125 1117 1246 1182 debeat

189 1241 370 1284 remanere.

656 1365 792 1390 -.000—

415 1549 488 1609 THE
515 1550 731 1611 RONOALIAN
759 1548 1013 1611 LEGISLATION.

543 1679 901 1771 mammnmffl

498 1853 539 1935 a)
571 1850 768 1933 Coneernirn]
784 1851 935 1934 Regalis.

234 2006 372 2091 Regalia
402 2013 482 2069 sunt
511 2006 594 2069 hec:
627 2006 813 2080 Arimanie,
845 2007 898 2070 vie
929 2007 1072 2090 publice,
1103 2005 1243 2070 flumina

190 2109 402 2194 navigabilia,
427 2120 462 2173 et
486 2132 528 2173 ex
556 2109 677 2193 quibus
706 2110 792 2172 fiunt
816 2109 1029 2195 navigabilia,
1052 2118 1180 2195 portus
1203 2112 1244 2172 ri-

190 2214 309 2298 patico,
327 2213 586 2298 vectigaliaque
604 2215 707 2299 vulgo
731 2213 892 2277 dicuntur
914 2214 1081 2289 thelonea,
1097 2222 1242 2291 monete,

190 2318 392 2380 muletarum
419 2317 880 2401 penarumquecompendia,
905 2317 992 2381 bona
1019 2319 1184 2395 vacantia,
1208 2325 1244 2383 et

191 2442 255 2503 que
272 2419 421 2506 indignis
438 2421 567 2505 legibus
584 2420 794 2496 auferuntur,
808 2423 872 2484 nisi
889 2444 953 2505 que
971 2423 1157 2505 spetialiter
1173 2424 1243 2506 qui·

190 2524 330 2587 busdam
357 2524 598 2600 conceduntur,
627 2532 662 2589 et
688 2525 775 2588 bona
801 2526 1072 2590 contrahentium
1098 2527 1242 2590 incestas

190 2629 335 2712 nuptiae,
362 2636 397 2692 et
424 2628 680 2712 dampnatorum
707 2637 742 2692 et
768 2631 1030 2713 proscriptorum
1056 2629 1241 2694 secundum

191 2732 283 2816 quod
305 2734 341 2794 in
364 2734 461 2796 novis
485 2734 780 2796 constitutionibus
805 2734 951 2808 nabetur,
976 2735 1185 2820 angariarum
1209 2743 1244 2799 et

190 2839 464 2922 parangariarum
491 2846 525 2901 et
551 2838 769 2922 plaustormn,
794 2845 828 2901 et
851 2840 988 2902 navium
1011 2841 1242 2923 prestationes,

190 2950 225 3005 et
241 2942 502 3005 extraordinaria
515 2942 650 3006 collatio
664 2943 706 3005 ad
722 2942 948 3007 felicissimam
964 2946 1083 3028 regalis
1096 2943 1243 3007 numinis

191 3047 449 3131 expeditionem,
473 3056 619 3132 potestas
648 3045 960 3112 constituendorum
984 3051 1243 3136 magistratuum

191 3150 413 3235 adjustitiam
430 3153 681 3237 expediendam,
699 3156 896 3241 argentarie,
915 3163 949 3218 ct
964 3156 1088 3239 palatia
1108 3156 1142 3217 in
1166 3155 1244 3218 civi·

190 3257 316 3321 tatibus
334 3260 511 3333 consuetis
528 3261 751 3343 piscationum
767 3260 928 3335 redditus,
946 3267 981 3324 et
1000 3261 1192 3334 salinarum,
1209 3266 1244 3323 et

190 3360 276 3424 bona
304 3364 586 3427 committentium
614 3365 737 3428 crimen
768 3365 962 3447 majestatie,
986 3371 1021 3427 et
1051 3363 1244 3427 dimisdium

159 3525 164 3538 ,
191 3465 337 3528 thesauri
354 3467 485 3529 inventi
501 3468 535 3529 in
553 3468 627 3530 loco
653 3468 794 3535 (lesaris,
811 3490 879 3530 non
903 3469 981 3531 data
1004 3488 1113 3552 opera,
1129 3467 1186 3530 vel
1208 3467 1243 3529 in

190 3568 265 3632 loco
281 3569 455 3655 religioso;
478 3570 506 3632 si
523 3568 602 3632 data
617 3591 725 3654 opera,
742 3577 853 3633 totum
870 3570 1005 3634 adeum
1021 3571 1177 3654 pertinet.
