2768 4268
176 303 217 367 20
292 373 300 381 ,
395 323 526 370 sunnon
549 325 757 371 irnnrmvnn
784 325 1014 373 nocunnurs.

174 490 227 553 vir
248 488 345 554 fortis
369 498 403 555 et
424 498 553 575 potens,
574 491 663 556 domi
687 492 875 576 militiaque
900 493 1057 577 optimus,
1074 492 1230 579 largitate

174 614 312 658 serenus
340 601 374 658 et
400 596 550 658 omnium
577 597 744 660 virtutum
771 597 925 682 insigniis
957 598 1086 671 clarus;
1117 597 1232 681 sepeli·

175 705 298 782 turque
328 699 365 761 in
395 699 531 763 civitate
561 721 622 763 sua
653 699 868 787 Wilinaburg
899 722 976 764 cum
1012 721 1159 765 moerore
1194 722 1231 765 ao
1319 729 1322 734 ·

174 801 320 865 lacrimis
336 803 486 865 omnium
504 803 719 867 Francorum.

220 905 268 969 Ut
291 928 370 991 ergo
393 928 452 971 rex
475 907 663 991 imperarat,
681 907 899 972 Evurhardus
924 907 1008 972 adiit
1030 908 1232 973 Heinricum

174 1031 276 1093 seque
302 1031 378 1073 cum
401 1011 555 1074 omnibus
575 1011 737 1075 thesauris
761 1013 812 1075 illi
836 1011 985 1088 tradidit,
1001 1034 1116 1097 pacem
1139 1012 1229 1089 fecit,

175 1114 356 1178 amicitiam
392 1115 593 1198 promeruit3
633 1137 736 1199 quam
773 1115 917 1180 fideliter
953 1115 1230 1201 familiariterque

175 1240 282 1302 usque
313 1219 349 1280 in
379 1219 479 1283 finem
506 1218 662 1283 obtinuit.
709 1220 841 1284 Deinde
870 1221 1080 1306 congregatis
1111 1222 1232 1305 princi-

174 1321 271 1406 pibus
283 1329 318 1385 et
329 1330 414 1385 natu
430 1322 609 1406 majoribus
627 1325 794 1388 exercitus
812 1324 1014 1388 Francorum
1030 1326 1065 1387 iu
1080 1324 1155 1389 loco
1170 1326 1230 1409 qui

175 1425 298 1488 dicitur
325 1426 498 1491 Fridisleri
526 1427 716 1513 designavit
747 1450 824 1492 eum
855 1450 966 1514 regem
997 1450 1108 1492 coram
1139 1431 1230 1493 omni

175 1530 299 1615 populo
320 1530 526 1595 Francorum
549 1540 650 1616 atque
676 1531 858 1596 Saxonum.
905 1532 1058 1617 Cumque
1083 1533 1112 1596 ei
1136 1531 1230 1597 offer·

174 1642 269 1699 retur
280 1635 396 1698 unctio
408 1657 484 1699 cum
498 1635 686 1701 diademate
702 1658 721 1700 a
737 1658 867 1700 summo
880 1636 1036 1721 pontifice
1052 1636 1229 1722 Hirigerus

176 1746 256 1814 erat,
270 1759 339 1802 non
352 1742 488 1825 sprevit,
502 1763 563 1805 nec
577 1748 690 1805 tamen
705 1742 870 1825 suscepit:
897 1750 915 1778 ‘⁶
927 1739 1045 1817 Satis?
1061 1741 1228 1824 inquiens

177 1843 308 1907 “michi
324 1851 384 1919 est,
401 1852 440 1908 ut
456 1867 513 1929 pre
530 1845 710 1929 majoribus
726 1845 807 1908 meis
823 1867 882 1908 rex
906 1844 998 1908 dicar
1014 1852 1048 1909 et
1063 1844 1228 1930 designer,

177 1947 292 2011 divina
304 1957 473 2014 annuente
490 1951 598 2034 gratia
614 1970 651 2012 ac
665 1957 776 2013 vestra
792 1950 936 2034 pietate3
960 1970 1061 2033 penes
1077 1950 1229 2013 meliores

176 2073 255 2116 vero
282 2052 378 2116 nobis
409 2054 523 2117 unctio
555 2060 589 2117 et
620 2051 772 2116 diadema
802 2053 862 2126 sit3
893 2059 989 2115 tanto
1019 2052 1142 2116 honore
1169 2074 1229 2116 nos

84 2160 85 2165 ’
176 2156 332 2241 indignos
349 2155 580 2220 arbitramur.''
628 2155 762 2219 Placuit
777 2156 890 2239 itaque
907 2176 1014 2219 sermo
1037 2157 1100 2220 iste
1118 2177 1228 2221 coram

175 2261 331 2324 universa
344 2259 573 2334 multitudine,
585 2268 619 2323 et
631 2259 758 2323 dextris
770 2260 806 2322 in
819 2260 949 2323 caelum
962 2261 1093 2334 levatis,
1107 2282 1228 2324 nomen

175 2364 256 2429 novi
271 2364 358 2450 regis
376 2385 453 2427 cum
469 2363 609 2427 clamore
627 2363 739 2428 valido
754 2364 941 2427 salutantes
957 2362 1228 2446 frequentabant.

635 2629 771 2655 —000—

142 2828 145 2834 ’
212 2827 344 2895 -HENRY
361 2832 385 2894 I.
406 2830 551 2894 GRANTS
567 2829 721 2901 ennom,
740 2828 842 2898 DUKE
861 2827 904 2889 OF
920 2828 1100 2902 BAVARIA,
1120 2829 1193 2889 THE

373 2932 489 2993 RIGHT
512 2928 738 3023 TO'APPOINT
761 2927 915 2989 Blsnors
937 2929 1030 2993 (921).

330 3078 491 3139 [Liutprandi
502 3076 678 3136 Antipcdosis;
695 3075 731 3120 M.
743 3074 772 3121 G.
785 3075 827 3130 Η.,
840 3074 883 3121 SS.
896 3075 940 3120 111.
952 3076 1002 3130 292,
1014 3073 1076 3132 293]

211 3221 244 3274 In
258 3221 315 3274 this
325 3218 491 3274 connection
504 3218 528 3270 it
541 3217 564 3270 is
578 3215 745 3285 interesting
758 3219 788 3268 to
798 3232 927 3283 compare
937 3218 992 3267 two
1003 3218 1146 3267 sentences
1156 3214 1229 3266 from

175 3310 224 3361 the
236 3309 332 3361 letters
345 3306 376 3361 oi
388 3307 465 3360 John
479 3305 515 3358 X.
554 3305 674 3373 (Migne
689 3304 782 3355 Patro.
797 3302 869 3364 Lat,
884 3303 939 3354 vol.
956 3303 1013 3365 132,
1028 3318 1074 3369 pp.
1090 3302 1149 3365 806,
1164 3302 1229 3363 8073

175 3395 258 3460 daile,
273 3395 384 3464 Regest.
398 3393 504 3446 Pontii.
519 3392 588 3444 3564
602 3391 657 3444 aud
667 3392 701 3459 b)
714 3409 761 3441 :-

212 3522 218 3534 .
239 3522 244 3534 .
265 3522 270 3534 .
290 3500 353 3535 cum
372 3481 465 3550 prisca
483 3478 656 3532 consuetudo
669 3477 764 3545 vigeat
783 3475 903 3543 qualiter
921 3474 1016 3527 nullus
1029 3473 1114 3526 alicui
1131 3473 1231 3526 clerico

176 3569 367 3639 episcopatum
381 3567 508 3621 conferre
521 3565 630 3628 debeat,
644 3563 700 3615 nisi
712 3580 770 3615 rex.

212 3696 244 3709 ..
265 3695 271 3708 .
290 3655 366 3724 quod
389 3654 482 3723 prisca
509 3651 680 3705 cousuetudo
705 3653 733 3701 et
757 3648 837 3717 regni
862 3647 997 3701 nobilitas
1022 3647 1131 3700 censuit
1155 3649 1231 3717 quod

176 3745 270 3797 nullus
283 3743 445 3812 episcopum
458 3739 588 3794 ordinare
601 3737 744 3791 debuisset
758 3735 863 3804 absque
876 3735 950 3804 regis
963 3734 1097 3804 jussione.
