2768 4268
198 288 260 352 128
417 302 549 350 sunnon
573 301 779 348 immmvnn
801 300 1029 348 nocuunurs.

196 472 340 537 necdum
357 480 408 536 est
425 471 484 556 qui
500 471 695 534 consuletur
710 491 784 533 earn
803 491 846 533 ex
869 467 1022 532 omnibus
1045 468 1153 532 charis
1177 469 1251 554 ejus

195 586 231 641 et
253 576 424 662 abstergat
446 576 608 659 lacrymas
632 595 651 637 a
675 574 831 636 maxillis.
878 572 966 636 Cum
986 594 1065 658 ergo
1087 594 1154 636 vox
1178 573 1251 657 ejus

195 682 262 765 jam
285 681 320 743 in
345 681 450 742 Rama
466 679 663 754 insonuerit,
680 686 714 742 et
731 677 856 741 Rachel
873 698 939 740 non
954 677 1061 740 solum
1078 677 1174 752 filios,
1190 677 1252 740 sed

197 784 257 848 hec
274 785 385 847 omnia
400 782 637 847 irremediabili
652 783 890 846 lamentatione
907 780 1068 865 deploret,
1082 782 1157 865 quis
1174 781 1252 845 fide·

196 889 281 951 lium
303 911 337 952 se
361 910 380 951 a
402 888 582 974 gemitibus
606 895 641 952 et
663 888 813 972 suspiriis
837 885 1047 949 continebit?
1071 886 1146 969 quis
1170 885 1252 948 filio-

197 1015 272 1056 rum
285 1015 423 1057 cernens
440 1014 601 1077 aquarum
618 991 781 1076 profluvia
798 991 912 1054 matris
929 990 1035 1053 oculis
1048 988 1251 1074 proeduntia

197 1098 359 1182 lacrymas
384 1119 450 1160 non
476 1095 656 1161 effundet?
689 1097 764 1180 quis
792 1096 907 1159 matris
935 1117 1001 1158 non
1029 1095 1252 1178 compatietur

195 1203 360 1287 angustiis
377 1224 438 1265 nec
455 1202 624 1265 immensis
648 1201 719 1285 ejus
744 1199 912 1263 doloribus
936 1198 1150 1263 condolebit?
1174 1200 1251 1282 quis

198 1306 345 1370 fidelium
372 1314 508 1389 propter
532 1305 594 1368 hoc
622 1326 688 1368 non
720 1304 891 1368 ardentius
921 1302 1181 1366 inflammabitur
1208 1303 1252 1366 ad

195 1409 383 1473 subsidium
407 1418 493 1473 terre
519 1416 642 1484 sancte,
668 1430 710 1472 ne
739 1408 918 1472 christiana
946 1408 1108 1492 juventur
1132 1429 1175 1471 ex
1204 1408 1252 1469 in-

196 1521 328 1598 sperato
352 1536 430 1577 casu
451 1522 615 1597 prostrata
638 1513 773 1596 penitus
797 1511 954 1577 videatur
976 1521 1011 1576 et
1031 1512 1251 1597 ignominiose

197 1619 309 1680 animo
343 1617 580 1681 consternata?
613 1638 725 1680 nonne
758 1617 820 1681 viri
851 1616 978 1680 cordati
1009 1623 1043 1680 et
1073 1616 1134 1678 filii
1168 1616 1252 1680 Jesu

199 1721 326 1785 Christi
347 1722 470 1786 debent
492 1721 536 1784 ad
558 1721 745 1784 subsidium
768 1729 857 1785 terre
881 1729 994 1784 sancte
1014 1727 1110 1783 tanto
1129 1718 1251 1784 fortius

197 1827 339 1889 animari
363 1834 490 1911 quanto
514 1827 730 1911 ignominiam
754 1826 958 1911 geminatam
981 1825 1125 1909 amplius
1149 1825 1253 1888 resul-

198 1939 268 1994 tare
286 1931 499 2014 conspiciunt
511 1952 553 1993 ex
569 1931 735 2013 insperata
752 1931 847 1993 ruina
862 1931 899 1991 in
914 1936 1043 2013 patrem
1059 1936 1093 1993 et
1108 1928 1203 2004 filios,
1216 1929 1252 1990 in

199 2033 456 2117 Redemptorem
472 2041 573 2117 atque
589 2033 789 2117 redemptos,
803 2034 838 2095 in
852 2033 1024 2096 Christum
1038 2040 1073 2096 et
1087 2033 1252 2116 populum

198 2139 429 2201 christianum.
475 2138 544 2201 Nos
561 2138 648 2201 enim
664 2136 756 2200 istud
772 2138 947 2223 negotium
962 2144 1056 2200 tanto
1078 2135 1252 2200 ardentius

198 2263 366 2305 assumere
383 2239 589 2317 affectamus
607 2248 641 2304 et
656 2240 867 2325 profundiori
891 2241 1029 2304 consilio
1053 2240 1122 2304 alta
1144 2240 1254 2304 inteu-

200 2345 310 2408 dimus
333 2345 479 2410 remedia
501 2346 661 2420 invenire,
679 2352 805 2429 quanto
829 2346 933 2430 major
955 2343 1121 2408 incumbit
1143 2366 1254 2408 neces-

198 2450 279 2512 sitas
305 2457 406 2513 etex
432 2450 556 2524 multis,
581 2448 723 2513 conflata
748 2449 918 2512 doloribus
943 2456 1091 2512 nostram
1115 2448 1253 2534 grandis

200 2554 355 2638 angustia
378 2562 525 2617 mentem
548 2555 678 2637 premit.
726 2554 799 2616 Etsi
823 2555 913 2617 enim
936 2552 1101 2616 Dominus
1126 2554 1253 2636 populo

198 2678 260 2720 suo
280 2656 448 2720 modicum
470 2657 655 2721 ostenderit
676 2679 710 2721 se
734 2659 867 2733 iratum,
884 2658 924 2721 de
948 2658 1039 2721 illius
1065 2679 1166 2721 manu
1189 2657 1253 2721 hoc

201 2769 348 2844 tempore
365 2762 648 2842 sacrificiumnon
667 2770 844 2846 acceptans
868 2763 927 2846 qui
949 2761 1163 2846 prudentiam
1186 2783 1254 2825 non
1326 2784 1334 2802 ·

201 2874 253 2929 est
274 2866 425 2928 imitatus
449 2866 585 2928 illorum
608 2889 667 2949 per
682 2889 766 2950 quos
788 2868 876 2930 salus
900 2868 934 2929 in
959 2866 1062 2930 Israel
1086 2866 1157 2930 fieri
1180 2887 1254 2929 con·

200 2971 322 3045 suevit,
346 2969 494 3032 nondum
522 2979 635 3034 tamen
662 2971 883 3035 misericordie
911 2972 1048 3035 Domini
1075 2980 1157 3036 sunt
1180 2994 1255 3035 con·

201 3082 343 3158 sumpte,
382 3096 442 3138 nec
482 3075 552 3159 ejus
593 3076 821 3140 miserationes
867 3077 1002 3160 penitus
1048 3075 1253 3141 defecerunt.

201 3178 381 3262 Speramus
413 3201 556 3262 namque
587 3180 622 3241 in
654 3181 878 3244 misericordia
915 3181 981 3245 Dei
1018 3181 1125 3245 nostri
1163 3179 1255 3265 quod

202 3284 290 3347 viam
307 3283 400 3346 nobis
417 3284 571 3347 ostendet
594 3307 772 3369 perquam
794 3287 829 3348 in
853 3286 915 3349 hoc
940 3287 1075 3371 negotio
1098 3307 1254 3370 prospere

201 3387 402 3472 gradiamur,
422 3395 456 3451 et
477 3390 565 3452 viros
589 3389 773 3453 seeundum
797 3412 973 3454 corsuum
998 3391 1147 3455 Ecclesie
1173 3389 1256 3454 desi·

201 3491 319 3577 gnabit
350 3494 408 3576 qui
439 3493 622 3576 precedant
651 3496 686 3561 in
717 3495 824 3559 cordis
856 3497 1001 3579 puritate
1029 3517 1065 3558 ac
1093 3515 1256 3558 manuum

201 3595 368 3659 munditia
391 3599 576 3661 exercitum
601 3599 828 3663 christianum.
883 3599 959 3677 Qua
982 3606 1120 3684 propter
1141 3598 1258 3662 frater·

202 3700 343 3763 nitatem
366 3709 513 3764 vestram
537 3701 803 3766 obsecramusin
826 3703 982 3779 Domine,
999 3725 1057 3788 per
1076 3702 1257 3787 apostolica
