2768 4268
404 355 479 401 rflu
501 355 804 403 HOHENSTAUFEN
826 358 971 406 Puuloo.
1152 342 1213 406 111

164 531 260 600 trem,
276 529 431 607 nepotem
446 544 555 599 suum,
573 545 672 608 quem
696 525 762 610 jam
785 524 970 591 hereditate
994 535 1132 611 paterna
1153 530 1218 613 pri·

163 629 267 703 vavit,
290 627 400 691 adhuc
422 628 533 711 privet
555 630 761 712 possessione
785 639 944 695 materna.
997 631 1090 695 Idem
1114 635 1215 696 etiam
1299 611 1303 623 Ι

164 739 281 795 contra
303 732 474 815 proprium
497 732 732 816 juramentum,
749 755 850 818 super
866 756 934 819 quo
954 757 1014 800 nec
1038 737 1215 800 consilium

163 857 183 900 a
198 835 277 900 sede
292 836 475 919 apostolico
491 837 677 919 requisivit,
691 837 881 902 ambitionis
894 839 978 902 vitio
993 862 1137 926 regnum
1152 840 1215 905 sibi

164 961 323 1022 usurpare
348 941 580 1023 praesumpsit,
604 962 671 1004 non
695 941 798 1005 alium
823 963 922 1006 causa
948 945 1155 1009 necessitatis
1180 946 1215 1008 in

164 1064 278 1129 regem
309 1043 442 1128 eligere,
470 1043 561 1127 quod
591 1052 764 1130 utcunque
796 1046 1004 1111 tolerabilius
1036 1048 1214 1125 videretur,

165 1169 270 1232 quum
285 1168 387 1231 super
402 1148 461 1210 illo
483 1149 672 1232 juramento
694 1151 787 1234 prius
811 1152 961 1216 Romana
984 1154 1123 1217 ecclesia
1142 1175 1218 1216 con-

164 1252 231 1315 suli
248 1250 426 1326 debuisset,
442 1253 530 1316 sicut
546 1261 582 1316 et
596 1275 669 1317 eam
693 1255 829 1338 quidam
854 1257 1051 1320 consuluere
1075 1257 1217 1341 pruden-

164 1364 226 1431 ter,
242 1355 333 1439 apud
351 1376 452 1440 quam
475 1378 516 1420 ex
540 1358 753 1422 institutione
770 1358 886 1423 divina
901 1360 1077 1443 plenitudo
1094 1360 1217 1425 residet

164 1460 351 1545 potestatis
396 1458 466 1524 Nec
490 1461 582 1525 valet
604 1461 647 1524 ad
669 1462 804 1544 plenam
827 1465 1079 1542 excusationem
1102 1465 1217 1548 ipsius

128 1608 130 1614 -
165 1567 193 1630 si
208 1566 435 1649 juramentum
450 1564 537 1628 illud
552 1565 684 1629 dicatur
700 1566 868 1641 illicitum,
882 1588 987 1649 quum
1000 1567 1218 1632 nihilominus

165 1691 329 1753 supereo
354 1690 413 1733 nos
444 1669 536 1752 prius
568 1669 740 1733 consulere
767 1669 947 1746 debuisset,
974 1692 1074 1754 quam
1101 1680 1221 1736 contra

165 1776 277 1859 ipsum
298 1774 431 1857 propria
453 1773 642 1837 temeritate
666 1774 790 1847 venire,
811 1775 1006 1857 praesertim
1029 1776 1087 1838 illo
1110 1797 1219 1840 exem-

165 1879 232 1963 pl0,
249 1877 339 1962 quod
362 1899 468 1961 quum
492 1876 698 1941 Gabaonitae
721 1898 741 1940 a
763 1877 841 1940 filiis
865 1877 968 1942 Israel
991 1901 1051 1962 per
1066 1878 1219 1944 fraudem

165 1983 389 2066 surripuerint
404 1982 641 2066 juramentum,
654 1982 717 2065 ipsi
734 1989 847 2046 tamen
863 1983 999 2068 cognita
1014 1982 1131 2047 fraude
1145 2006 1220 2048 con-

166 2095 218 2151 tra
240 2087 326 2150 illud
343 2087 455 2150 venire
472 2093 596 2150 temere
613 2086 805 2150 noluerunt.
852 2086 976 2151 Utrum
993 2109 1072 2151 vero
1089 2087 1219 2152 dictum

166 2193 391 2276 juramentum
406 2191 451 2254 sit
468 2191 600 2254 licitum
616 2191 670 2253 vel
693 2191 859 2266 illicitum,
876 2198 911 2254 et
925 2190 1001 2255 ideo
1016 2192 1219 2256 servandum

167 2318 209 2359 an
226 2317 291 2359 non
307 2295 509 2359 servandum
524 2295 707 2369 exstiteret,
721 2316 818 2358 nemo
833 2288 932 2359 sanae
950 2296 1070 2359 mentis
1087 2297 1220 2381 ignorat

167 2401 210 2464 ad
226 2408 377 2463 nostrum
391 2400 554 2484 judicium
572 2400 745 2483 pertinere.
795 2397 896 2478 Quod
911 2407 1024 2463 autem
1040 2400 1221 2484 Philippus

168 2505 208 2569 de
235 2525 356 2590 genere
383 2511 635 2588 persecutorum
662 2504 797 2578 existat,
824 2504 991 2587 principes
1024 2525 1091 2566 non
1116 2504 1220 2568 credi-

167 2631 241 2672 mus
258 2609 420 2682 dubitare,
438 2630 542 2691 quum
560 2607 736 2682 Hernicus,
754 2608 813 2690 qui
835 2609 961 2691 primus
985 2609 1162 2690 imperium
1178 2608 1218 2672 de

168 2735 288 2798 genere
307 2713 370 2775 hoc
391 2713 529 2795 accepit,
546 2710 649 2773 bonae
674 2712 849 2774 memoriae
874 2710 1069 2774 Paschalem
1093 2711 1220 2795 Papam

169 2816 456 2900 praedecessorem
478 2823 629 2877 nostrum
653 2836 729 2877 cum
753 2815 927 2897 episcopia,
944 2814 1168 2879 cardinalibus
1186 2825 1220 2879 et

170 2920 284 2982 inultis
307 2919 472 2982 nobilibus
501 2919 735 2990 Romanorum,
756 2919 1015 3000 praesumpserit
1039 2920 1218 3002 captivare.

172 3023 360 3086 Fridericus
390 3030 502 3085 autern
534 3031 628 3104 pater
653 3022 756 3104 ipsius
789 3021 937 3104 Philippi
968 3030 1084 3084 contra
1111 3021 1221 3086 felicis

170 3127 407 3190 reeordationis
432 3124 664 3189 Alexandrum
690 3124 815 3207 Papam
840 3124 1123 3207 praedecessorem
1149 3148 1221 3189 nos-

170 3240 260 3294 trum
290 3231 391 3316 longo
423 3239 570 3312 tempore
602 3228 744 3292 schisma
774 3228 871 3290 fovit.
919 3228 1085 3292 Henricus
1116 3228 1220 3293 frater

169 3337 273 3420 ipsius
298 3335 455 3418 Philippi,
472 3334 618 3416 qualiter
641 3354 675 3396 se
699 3331 853 3395 habuerit
876 3333 962 3395 circa
986 3331 1220 3396 interfectores

169 3447 303 3503 sanctae
335 3438 510 3502 memoriae
543 3436 674 3500 Alberti
706 3435 900 3499 Leodiensis
931 3437 1087 3520 episcopi,
1119 3459 1221 3521 quem

170 3546 239 3627 ipse
257 3545 348 3627 prius
371 3549 525 3627 coegerat
548 3541 711 3615 exsulare,
728 3561 765 3602 ac
789 3537 975 3615 Conradus,
992 3541 1051 3623 qui
1075 3542 1221 3624 praedic-

170 3656 243 3712 tum
269 3647 458 3711 Ostiensem
483 3646 678 3730 episcopum
704 3652 848 3728 ceperat,
873 3645 953 3707 satis
981 3645 1096 3707 nostis.
1152 3644 1220 3724 Qui

170 3752 273 3816 etiam
297 3750 442 3836 qualiter
467 3747 690 3814 venerabilem
721 3746 859 3812 fratrem
883 3754 1035 3812 nostrum
1062 3747 1224 3811 Auxima-
