2768 4268
195 299 257 362 136
416 317 549 364 snnuor
571 318 778 364 rrnnrmvxn
800 318 1028 366 nocunnrus.

194 484 307 549 fratris
347 484 532 549 Hermanni
562 485 762 551 venerabilis
799 487 951 573 magistri
986 487 1104 552 domus
1134 498 1253 555 sancte

195 589 301 654 Marie
319 589 605 654 Theutonicorum
621 591 656 652 in
675 591 864 655 Jerusalem
881 591 990 656 fidelis
1009 593 1125 670 nostri,
1143 603 1253 658 castra

193 694 389 778 subscripta,
418 693 576 758 videlicet
603 702 750 758 castrum
778 694 860 771 Geli,
889 696 1034 760 Roccam
1061 696 1251 774 Willielmi,

195 799 340 862 Roecam
356 797 395 862 de
415 798 550 873 Rantra,
568 798 711 862 Roccam
728 800 964 876 Prestentiani,
982 800 1125 865 Roccam
1141 803 1250 866 sancti

195 903 320 988 Angeli
336 903 376 966 de
401 903 496 987 Rupe
521 904 649 979 canina,
668 904 811 968 Roccam
834 904 961 968 Montis
985 904 1165 991 DragoniS,
1183 928 1251 971 cas-

193 1015 283 1070 trum
309 1008 416 1083 Atini,
440 1014 475 1071 et
501 1007 634 1071 Petram
661 1008 701 1072 de
730 1008 851 1072 Tocco
899 1008 973 1087 Que
999 1010 1111 1073 omnia
1137 1010 1252 1074 dictus

194 1112 353 1197 magister
376 1111 505 1175 tenebit
528 1114 661 1177 nomine
690 1112 837 1176 Romane
863 1114 1001 1177 ecclesie
1029 1114 1064 1176 in
1092 1116 1250 1198 expensis

192 1217 324 1291 nostris,
344 1217 379 1278 in
405 1217 593 1279 cautionem
615 1218 744 1280 seilicet
766 1224 801 1280 et
823 1219 1048 1294 securitatem,
1073 1217 1165 1302 qnod
1187 1240 1250 1283 nos

193 1319 344 1383 dabimus
361 1319 601 1404 fidejussoriam
617 1322 805 1384 cautionem
828 1320 915 1384 bona
938 1321 1003 1386 fide
1026 1321 1114 1385 inira
1138 1324 1252 1386 termi-

192 1446 272 1486 num
290 1432 365 1487 octo
383 1424 546 1487 mensium
562 1424 625 1487 sub
639 1424 698 1488 illa
714 1424 820 1488 forma
836 1447 901 1509 que
925 1425 961 1487 in
985 1433 1134 1490 tractatu
1157 1427 1249 1511 pacis

193 1529 393 1592 continetur.
442 1527 517 1606 Qua
547 1528 759 1613 fidejussione
790 1531 941 1612 prestita,
967 1529 1057 1594 idem
1088 1533 1251 1616 magister

192 1633 375 1718 resignabit
390 1633 484 1696 nobis
500 1633 616 1697 eadem
632 1640 740 1696 castra
755 1634 810 1697 vel
826 1635 881 1697 cui
904 1655 965 1697 nos
988 1636 1248 1718 preceperimus.

193 1737 250 1799 Ad
266 1739 362 1821 cujus
378 1738 426 1801 rei
449 1739 642 1800 memoriam
665 1759 800 1821 presens
824 1738 986 1821 scriptum
1010 1737 1081 1802 fieri
1104 1738 1249 1802 fecimus

192 1849 227 1904 et
242 1842 354 1926 sigillo
371 1849 485 1904 nostro
501 1841 658 1925 jussimus
676 1842 884 1904 communiri.

236 1945 325 2008 Data
341 1946 376 2007 in
392 1928 507 2008 castris
523 1966 625 2028 prope
640 1943 858 2029 Ceperanum,
872 1967 960 2009 anno
974 1945 1132 2009 dominici
1144 1947 1250 2010 incar-

192 2050 337 2113 nationis
355 2047 450 2124 1230,
468 2070 581 2112 mense
598 2048 768 2133 Augusto,
785 2049 884 2113 tertie
900 2049 1103 2114 indictionis.

688 2251 750 2314 VI.

239 2371 367 2457 [Aug]
403 2371 592 2435 Friderious
609 2372 674 2434 Dei
685 2374 801 2457 gratia,
816 2381 878 2437 etc.
926 2371 990 2437 Per
999 2395 1136 2457 presens
1148 2375 1250 2458 scrip-

191 2485 264 2539 tum
280 2483 398 2539 notum
411 2474 482 2538 fieri
494 2476 651 2539 volumus
665 2478 828 2540 universis
842 2486 909 2540 tam
922 2477 1132 2561 presentibus
1145 2499 1246 2562 quam

190 2580 325 2655 futuris,
343 2579 434 2663 quod
450 2601 510 2643 nos
526 2579 667 2643 lecimus
684 2581 845 2665 assignari
868 2581 903 2643 in
927 2581 1078 2645 manibus
1096 2581 1134 2643 L.
1151 2603 1249 2646 vene·

191 2684 304 2747 rabilis
329 2685 451 2769 Regini
476 2685 714 2768 archiepiscopi
740 2683 855 2748 dilecti
881 2684 1055 2749 familiaris
1083 2686 1187 2749 nostri
1212 2693 1249 2749 et

229 2837 235 2850 .
265 2837 271 2851 .
320 2788 442 2873 Regini
473 2789 617 2871 episcopi
647 2797 838 2851 nostrorum
868 2789 1027 2865 fidelium,
1059 2790 1248 2873 subscripta
1315 2790 1317 2795 ’

191 2902 309 2969 eastra,
327 2891 485 2956 videlicet
503 2891 632 2968 Suessa,
651 2892 792 2968 Caiacie,
807 2893 1031 2977 lllagdalonis
1049 2903 1084 2958 et
1101 2894 1246 2957 Roccam

191 3019 305 3081 capue,
324 3019 388 3081 que
406 2995 546 3080 predicti
563 2995 678 3059 fideles
696 2997 802 3059 nostri
818 2997 1086 3081 archiepiscopus
1106 3005 1140 3061 ct
1163 2998 1247 3081 epis·

190 3124 292 3184 copus
321 3101 486 3164 tenebunt
511 3102 644 3164 nomine
672 3101 810 3165 ecclesie
843 3089 990 3165 Romane
1022 3102 1058 3164 in
1089 3102 1247 3186 expensis

189 3207 322 3281 nostris,
340 3207 375 3268 in
399 3206 587 3268 cautionem
610 3205 739 3269 scilicet
762 3214 795 3269 et
818 3207 1043 3281 securitatem,
1068 3227 1246 3290 quousque

189 3312 410 3373 restituantur
426 3308 533 3373 eidem
552 3310 699 3373 Romane
716 3311 853 3374 ecclesie
871 3332 990 3394 eaque
1007 3332 1067 3374 nos
1091 3319 1246 3395 tenemus

189 3415 224 3475 in
253 3415 403 3477 llarelria
428 3422 462 3476 et
489 3413 635 3486 Ducatn,
659 3420 694 3476 et
721 3414 952 3497 compleantur
974 3436 1088 3477 omnes
1112 3415 1244 3478 restitu-

189 3520 296 3582 tiones
326 3540 390 3602 que
418 3517 603 3580 secundum
630 3517 771 3579 formam
796 3526 959 3582 tractatus
983 3518 1148 3582 debebant
1171 3518 1245 3581 fieri

188 3632 265 3686 ante
290 3622 533 3685 absolutionem
557 3628 713 3696 nostram,
734 3620 893 3685 videlicet
916 3622 955 3685 de
980 3621 1245 3705 possessionibus

188 3734 223 3789 60
243 3725 420 3789 mobilibus
445 3724 646 3787 extantibus.
694 3724 825 3802 Quibus
848 3725 1118 3790 restitutionibus
1142 3725 1247 3789 adim-
