2768 4268
354 348 429 393 run
451 347 706 394 canonmcmu
728 347 874 394 rnnron.
1098 329 1138 394 17

83 516 243 580 canonice
260 522 295 579 et
312 516 410 599 juste,
427 514 614 579 secundum
629 515 718 578 vires
734 522 768 578 et
783 514 996 578 intellectum
1011 535 1139 589 meum;

83 603 120 684 et
143 619 200 682 ille
226 620 285 703 qui
310 619 437 682 electus
462 618 576 694 fuerit,
594 640 645 681 me
671 619 902 682 consentiente
927 626 1140 682 consecratus

84 722 240 808 pontifex
265 744 333 786 non
359 722 427 798 fiat,
452 723 648 806 priusquam
676 722 742 786 tale
767 730 1014 786 sacramentum
1039 723 1141 785 faciat

84 829 121 890 in
147 828 335 911 praesentia
358 827 449 890 missi
477 825 591 889 domni
618 827 828 911 imperatoris
853 834 888 891 et
913 826 1039 911 populi,
1063 847 1140 890 cum

83 932 283 1017 juramento
311 930 409 1014 quale
441 929 584 994 domnus
615 930 788 1015 Eugenius
819 951 905 1015 papa
930 938 1049 1014 sponte
1080 951 1141 1015 pro

83 1035 339 1099 conservatione
356 1035 505 1098 omniurn
521 1033 650 1098 factum
666 1034 766 1098 habet
780 1056 840 1118 per
855 1033 1042 1118 scriptum.1

548 1247 683 1273 —000—

122 1324 138 1360 ‘i

243 1459 245 1463 ,
309 1398 383 1458 rue
406 1398 556 1461 rnrrrr
578 1370 621 1459 or
644 1399 799 1460 vrnnrnr
825 1398 917 1464 (843).

130 1538 138 1571 r
232 1545 263 1602 a)
286 1543 398 1604 [nudam
409 1545 543 1592 runenns
552 1546 679 1604 annana
696 1543 986 1605 M.n.n.,ss.1.aea]

129 1686 308 1771 Descripto
323 1709 427 1773 regno
444 1709 463 1751 a
478 1687 676 1771 primoribus
695 1694 730 1752 et
746 1688 783 1750 in
801 1695 867 1752 tres
890 1695 999 1772 partes
1023 1687 1141 1763 diviso,

84 1790 177 1881 apud
206 1790 412 1855 Viridunum
444 1790 573 1855 Galliae
605 1793 776 1855 civitatem
806 1800 874 1855 tres
904 1814 998 1878 reges
1029 1814 1141 1856 mense

86 1876 246 1981 Augusto
264 1896 512 1971 convenientes
528 1917 670 1980 regnum
690 1897 779 1959 inter
801 1916 835 1959 se
860 1895 1084 1978 dispertiunt3
1109 1903 1144 1959 et

87 1998 310 2062 Hludowicus
327 1998 463 2083 quidem
480 2000 677 2063 orientalem
692 2008 822 2084 partem
844 1999 983 2084 accepit,
1000 2000 1143 2063 Karolus

84 2102 330 2167 occidentalem
353 2104 473 2168 tenuit.
520 2103 730 2180 Hlotharius,
748 2105 807 2187 qui
831 2104 935 2188 major
952 2110 1040 2167 natu
1063 2111 1143 2178 erat,

86 2205 234 2283 mediam
263 2207 351 2271 inter
381 2229 437 2271 eos
468 2209 605 2272 sortitus
637 2216 688 2271 est
717 2209 916 2292 portionem.
973 2190 1143 2292 Factaque

86 2312 177 2376 inter
202 2332 237 2375 se
264 2333 344 2396 pace
372 2320 407 2375 et
432 2313 621 2396 juramento
648 2313 789 2388 firmata,
814 2313 940 2397 singuli
967 2312 1010 2375 ad
1038 2311 1146 2396 dispo-

87 2414 215 2507 nepdas
231 2415 443 2500 tuendasque
463 2417 558 2502 regni
575 2417 627 2480 sui
643 2425 754 2500 partes
771 2424 995 2480 revertuntur.
1043 2416 1146 2480 Karo-

86 2519 394 2611 lua-Aquitaniam,
412 2521 508 2604 quasi
533 2520 575 2583 ad
598 2528 726 2605 partem
749 2522 844 2606 regni
871 2521 924 2583 sui
947 2521 1019 2604 jure
1046 2521 1146 2604 perti-

87 2630 236 2700 nentem,
253 2623 425 2699 affectans,
444 2624 588 2709 Pippino
604 2626 720 2708 nepoti
736 2645 797 2688 suo
814 2625 974 2688 molestus
991 2623 1144 2700 efficitur,

86 2748 234 2819 eumque
262 2728 383 2792 crebris
415 2729 660 2792 incursionibus
690 2727 864 2804 infestans,
891 2727 1016 2814 grande
1047 2728 1146 2792 detri-

87 2832 241 2896 mentum
256 2833 382 2916 proprii
398 2854 495 2916 saepe
512 2834 652 2917 pertulit
668 2833 846 2896 exercitus.

272 3036 304 3093 b)
323 3038 454 3083 Prudentii
465 3039 582 3083 Trccusis
593 3037 704 3082 Annales
718 3038 794 3094 (Arm.
807 3037 971 3094 Bcrtiniaui).

135 3170 276 3236 Carolus
292 3173 334 3236 ad
351 3174 542 3237 condictum
559 3173 717 3237 iratribus
735 3172 872 3235 obvians
888 3194 989 3256 penes
1002 3172 1147 3236 Viradu-

88 3296 173 3341 num
199 3277 436 3362 conjungitur3
468 3278 526 3341 ubi
553 3277 739 3341 distributis
770 3276 990 3360 portionibus,
1019 3276 1146 3339 Illurlo·

88 3380 195 3445 wicus
218 3381 308 3443 ultra
332 3381 486 3444 Rhenum
511 3383 630 3456 omnia,
647 3382 730 3444 citra
754 3381 909 3443 Rhenum
930 3403 1007 3444 vcro
1031 3380 1147 3443 Nemc-

132 3582 143 3617 ¹
155 3584 225 3633 This
238 3584 305 3632 oath
318 3585 351 3632 oi
369 3585 511 3646 Eugenius
524 3586 573 3633 has
587 3591 636 3633 not
649 3586 716 3632 boon
730 3585 888 3644 proscrrccl,
903 3585 952 3632 but
965 3584 1002 3631 its
1015 3584 1147 3643 probablc

90 3668 174 3735 tenor
191 3666 215 3714 is
234 3667 353 3715 cudent.
392 3668 451 3716 The
468 3668 610 3728 authority
630 3668 781 3727 expresscd
800 3668 828 3714 in
847 3667 904 3715 this
924 3666 984 3715 Sar.
998 3668 1075 3715 Rom.
1090 3679 1147 3714 was

90 3746 155 3799 first
166 3748 308 3797 exerciscd
320 3749 349 3797 in
361 3751 416 3798 827.
