2768 4268
163 270 225 334 152
385 285 517 333 suasor
539 285 745 332 irroravit
767 284 994 333 nocuimurs.

126 434 131 445 ⁸
162 457 234 541 ejus
251 456 384 519 omnino
400 454 571 539 preclusis,
584 453 672 517 idem
685 452 851 517 destinato
867 452 973 517 Encio
985 453 1054 516 filio
1065 475 1127 518 suo
1140 475 1221 519 cum

162 559 380 623 multitudine
411 559 582 644 galeraum
608 566 643 622 et
672 579 731 641 per
757 557 837 620 alias
869 560 1084 641 quamplures
1114 559 1218 645 longe

162 671 262 728 antea
291 664 377 727 serio
408 669 607 747 preparatas,
638 662 674 723 in
703 662 853 745 partibus
884 661 1006 725 Tusoie
1041 663 1220 726 maritimis

162 767 292 831 insidiis
304 768 420 851 positis
436 775 552 830 contra
568 787 634 841 eos,
647 773 686 828 ut
701 766 837 851 gravius
853 773 966 850 posset
978 767 1070 829 virus
1082 789 1219 832 vomere

163 878 433 955 preconceptum,
457 871 544 954 ipsos
568 890 652 932 ausu
678 869 841 955 sacrilego
868 870 943 953 oapi
968 868 1059 945 fecit,
1084 870 1222 954 quibus·

163 975 240 1038 dam
255 976 460 1059 prelatorum
476 975 621 1058 ipsorum
639 979 674 1037 et
692 973 765 1036 aliis
789 975 823 1035 in
847 972 1040 1056 hujusmodi
1063 975 1217 1058 captione

163 1079 352 1154 submersis,
368 1079 540 1140 nonnullis
557 1078 658 1140 etiam
679 1077 888 1160 interemptis
912 1086 947 1141 et
969 1077 1139 1162 aliquibus
1162 1078 1221 1142 ho·

163 1184 233 1247 stili
256 1184 463 1246 insecutione
487 1181 624 1267 fugatis,
645 1181 783 1264 reliquis
807 1188 921 1244 autem
944 1181 1039 1244 bonis
1063 1181 1220 1247 omnibus
1263 1177 1266 1181 ’

163 1284 313 1368 spoliatis
337 1283 434 1346 etde
465 1283 538 1344 loco
565 1281 608 1344 ad
637 1281 749 1344 locum
778 1282 814 1344 in
840 1303 942 1367 regno
967 1281 1079 1345 Sicilie
1104 1282 1221 1366 obpro·

164 1389 270 1452 briose
291 1387 445 1451 deductis
467 1407 506 1448 ac
528 1385 650 1449 ibidem
674 1385 765 1448 duris
790 1385 975 1450 carceribus
999 1388 1219 1471 mancipatis3

165 1514 308 1576 quorum
339 1473 443 1574 aliqui
474 1490 630 1553 macerati
659 1490 871 1573 squaloribus
903 1498 938 1554 et
968 1490 1079 1554 inedia
1110 1492 1217 1576 pressi

134 1579 141 1588 ⁸
164 1595 397 1660 miserabiliter
422 1594 626 1658 defecerunt.
684 1595 806 1658 Merito
832 1597 970 1679 insuper
997 1604 1113 1659 contra
1139 1618 1218 1660 eum

165 1700 206 1764 de
222 1701 368 1764 heretica
384 1700 548 1783 pravitate
565 1699 705 1782 suspitio
722 1707 773 1762 est
794 1708 920 1775 exorta,
938 1721 1015 1763 cum
1038 1707 1217 1784 postquam

165 1804 519 1868 excommunicationis
549 1804 750 1866 sententiam
777 1825 796 1865 a
822 1803 961 1887 prefatis
988 1804 1014 1867 I.
1043 1803 1220 1868 Sabinensi
1264 1849 1267 1854 -

165 1911 319 1993 episcopo
342 1916 377 1972 et
400 1908 439 1969 T.
463 1906 624 1970 cardinali
648 1908 811 1992 prolatam
836 1909 1022 1972 incurreret
1046 1918 1080 1972 et
1107 1908 1221 1973 dictus

165 2036 250 2100 papa
267 2014 449 2099 Gregorius
466 2013 576 2096 ipsum
591 2012 811 2076 anathematis
835 2014 972 2076 vinculo
995 2013 1221 2090 innodaverit,

165 2120 276 2184 claves
294 2118 442 2196 Ecclesia
460 2118 698 2201 contempserit
713 2126 748 2180 et
763 2125 988 2202 contempnat,
1005 2117 1067 2180 sibi
1091 2118 1221 2182 iaciens

166 2224 325 2290 celebrari
338 2223 392 2287 vel
405 2223 519 2307 pocius
533 2231 696 2306 quantum
710 2223 745 2284 in
757 2243 796 2285 eo
809 2230 860 2285 est
876 2223 1076 2306 prophanari
1093 2222 1220 2299 divina,

166 2339 201 2395 et
216 2338 408 2393 constanter
423 2329 565 2392 asseruit
588 2336 626 2391 ut
649 2328 800 2411 superius
824 2334 876 2391 est
898 2335 1069 2390 narratum
1092 2348 1126 2391 se
1149 2349 1222 2412 pre-

165 2434 228 2498 iati
263 2433 417 2520 Gregorii
450 2456 534 2518 pape
565 2433 750 2496 sentencias
783 2453 851 2494 non
883 2432 999 2495 vereri.
1061 2431 1223 2496 Preterea

166 2540 365 2623 conjunctus
393 2540 544 2601 amicicia
572 2536 761 2600 detestabili
789 2535 988 2612 Sarracenis,
1013 2537 1153 2600 nuncios
1184 2544 1224 2601 et

167 2665 306 2706 munera
321 2637 447 2726 pluries
463 2643 644 2705 destinavit
659 2640 785 2704 eisdem
809 2647 843 2704 et
861 2640 902 2704 ab
924 2639 1050 2704 eisdem
1073 2640 1220 2704 vicissim

166 2749 255 2810 omni
272 2747 524 2810 honorificentia
537 2753 572 2810 et
582 2746 737 2830 ylaritate
754 2746 890 2829 recepit,
903 2745 1117 2828 ipsorumque
1133 2745 1222 2808 ritus

167 2852 389 2935 amplectitur,
402 2852 477 2914 illos
494 2852 529 2912 in
545 2850 737 2913 cottidianis
754 2850 825 2936 ejus
843 2849 1011 2933 obsequiis
1027 2849 1223 2912 notabiliter

166 2978 279 3020 secum
307 2963 444 3030 tenens3
476 2954 666 3019 eorumdem
693 2955 794 3018 etiam
822 2976 922 3028 more,
950 2954 1109 3017 uxoribus
1137 2974 1223 3037 quas

166 3059 284 3123 habuit
308 3059 348 3123 de
376 3061 479 3143 stirpe
504 3061 595 3144 regia
619 3058 898 3122 descendentibus
922 3057 1102 3132 eunuchos,
1120 3058 1223 3141 preci·

167 3186 232 3248 pue
257 3186 340 3247 quos
363 3173 403 3227 ut
426 3164 550 3227 dicitur
572 3164 656 3226 serio
681 3163 817 3225 castrari
840 3161 976 3237 fecerat,
995 3183 1062 3224 non
1086 3160 1225 3225 erubuit.

168 3268 328 3352 deputare
345 3268 511 3332 custodes.
558 3267 603 3330 Et
620 3266 710 3350 quod
726 3266 946 3330 execrabilius
966 3273 1026 3340 est,
1043 3265 1123 3334 olim
1139 3264 1226 3328 exis·

169 3381 241 3436 tens
265 3374 300 3435 in
323 3372 472 3456 partibus
496 3371 734 3446 transmarinis,
754 3369 843 3433 facta
874 3371 1111 3454 compositione
1144 3391 1226 3453 qua·

168 3477 254 3552 dam,
271 3477 372 3539 immo
395 3477 578 3540 collusione
601 3476 713 3540 verius
738 3496 814 3537 cum
838 3473 994 3548 Soldano,
1016 3473 1222 3538 Machometi

168 3602 288 3643 nomen
310 3581 345 3643 in
365 3580 530 3664 templum
554 3580 691 3643 Domini
716 3579 832 3643 diebus
856 3586 890 3642 et
913 3578 1066 3643 noctibus
1090 3577 1225 3662 publice

169 3685 367 3770 proclamari
389 3685 549 3769 permisit.
596 3684 642 3747 Et
665 3705 771 3767 nuper
798 3683 939 3746 nuncios
965 3681 1102 3746 Soldani
1127 3682 1227 3745 Babi-
