2768 4268
408 343 481 389 run
504 341 803 389 uuuunsrnurun
826 340 972 387 rnaron.
1155 324 1217 388 149

163 512 375 597 presumpsit,
388 533 426 575 ac
443 510 666 575 venerabilem
681 509 819 574 fratrem
837 508 878 573 Ο.
891 509 1123 585 Portuensem,
1136 515 1217 574 tunc

164 616 279 681 Sancti
293 615 445 679 Nicholai
457 615 492 677 in
502 635 632 678 carcere
644 614 801 677 Tulliano
812 613 992 677 diaconum
1003 613 1216 688 cardinalem,

164 729 198 784 et
220 720 305 784 bone
330 720 487 783 memorie
511 720 544 783 J.
564 718 799 783 Prenestinum
822 719 1003 802 episcopos
1021 718 1216 802 Apostolice

165 823 259 888 Sedis
275 824 414 908 legatos
431 823 556 886 nobilia
574 831 609 886 et
627 843 748 908 magna
772 822 922 886 Ecclesia
948 822 1095 886 Romane
1120 843 1218 886 mem·

164 929 232 1004 br'a,
248 928 467 1011 personaliter
483 927 556 1011 capi
572 926 654 991 fecit
670 934 704 991 et
720 926 813 991 bonis
831 926 984 989 omnibus
1003 926 1162 1010 spoliatos
1178 947 1217 990 ac

164 1055 222 1116 per
238 1031 368 1096 diversa
384 1032 457 1095 loca
472 1053 539 1096 non
555 1032 658 1096 semel
682 1032 903 1117 ignominiose
925 1029 1086 1094 deductos
1111 1052 1217 1094 carce·

165 1137 254 1200 ribus
271 1136 462 1221 mancipari.
510 1136 730 1222 Privilegium
746 1137 882 1219 insuper
897 1134 988 1218 quod
1003 1134 1099 1198 beato
1116 1134 1217 1199 Petro
1235 1182 1237 1184 ψ

164 1249 199 1305 et
220 1241 466 1306 successoribus
490 1241 561 1326 ejus
585 1241 621 1303 in
645 1242 717 1324 ipso
743 1238 883 1303 tradidit
908 1237 1073 1302 Dominus
1093 1238 1216 1302 Jhesus

166 1345 330 1423 Christus
347 1345 522 1410 videlicet:
548 1344 826 1428 “Quodcumque
849 1344 1007 1427 ligaveris
1030 1364 1130 1426 super
1154 1351 1218 1405 ter·

164 1471 235 1513 ram
262 1451 326 1514 erit
351 1451 496 1536 ligatum
520 1457 554 1513 et
580 1450 615 1511 in
644 1449 734 1524 celis,
758 1455 792 1512 et
816 1447 1050 1531 quodcumque
1077 1447 1216 1511 solveris

164 1577 264 1639 super
288 1561 410 1618 terram
436 1555 500 1618 erit
524 1554 673 1617 solutum
698 1560 733 1616 et
757 1553 792 1614 in
817 1551 929 1627 celis,”
949 1553 983 1614 in
1007 1572 1074 1635 quo
1099 1552 1216 1635 utique

165 1659 347 1723 auctoritas
374 1665 409 1722 et
434 1666 582 1742 potestas
613 1657 763 1722 Ecclesie
791 1658 939 1720 Romane
967 1657 1129 1732 consistit,
1156 1677 1216 1739 pro

164 1763 291 1828 viribus
322 1761 507 1826 diminuere
534 1762 590 1826 vel
620 1763 684 1846 ipsi
716 1761 864 1825 Ecclesia
895 1759 1037 1826 aufferre
1068 1761 1216 1845 sattegit,

164 1867 311 1932 scribens
348 1890 383 1931 se
421 1867 542 1952 prefati
581 1866 735 1952 Gregorii
765 1867 970 1929 sentenciam
1000 1887 1068 1929 non
1100 1867 1216 1940 vereri,

166 1973 268 2035 latam
291 1971 393 2036 abeo
416 1972 797 2035 excommunicationem
822 1971 857 2032 in
882 1971 991 2054 ipsum
1016 1991 1084 2034 non
1108 1971 1217 2034 solum

165 2077 366 2160 contemptis
384 2076 532 2140 Ecclesie
550 2076 700 2140 clavibus
717 2098 783 2139 non
799 2076 973 2151 servando,
987 2078 1217 2141 verumetiam

165 2203 224 2264 per
245 2203 279 2245 se
303 2203 341 2244 ac
365 2180 521 2245 officiales
540 2202 618 2245 suus
642 2189 676 2245 et
698 2182 791 2245 illam
807 2190 841 2245 et
856 2182 937 2244 alias
954 2183 1219 2246 excommunica-

165 2287 265 2349 tionis
284 2287 339 2350 vel
363 2285 535 2349 interdicti
558 2287 742 2350 sententias
766 2308 849 2370 quas
874 2285 962 2349 idem
985 2287 1120 2349 omnino
1144 2308 1218 2349 con·

73 2471 78 2480 ¹
164 2392 310 2475 tempsit,
324 2391 473 2476 cogendo
486 2391 566 2454 alias
580 2413 646 2453 non
662 2402 804 2455 servare.
841 2390 1068 2454 Possessiones
1082 2412 1216 2474 quoque

165 2494 293 2578 prefate
311 2495 457 2558 Romane
478 2495 637 2570 Ecclesie,
654 2494 812 2559 videlicet
836 2494 1029 2569 Marchiam,
1047 2493 1216 2569 ducatum,

167 2598 399 2662 Beneventum
416 2599 512 2683 cujus
532 2621 643 2661 muros
667 2607 702 2662 et
724 2606 832 2662 turres
856 2599 942 2661 dirui
966 2598 1110 2672 fecitne
1135 2598 1216 2662 alias

166 2703 299 2786 quasin
317 2703 437 2765 Tuscie
454 2724 490 2764 uc
509 2701 705 2766 lombardie
722 2704 872 2785 partibus
885 2712 919 2766 et
931 2701 1130 2786 quibusdam
1143 2703 1217 2765 aliis

166 2805 338 2890 optinebat
354 2806 446 2879 lociS,
463 2807 578 2887 paucis
601 2808 759 2890 exceptis
777 2828 938 2889 occupare
963 2828 1030 2868 non
1054 2814 1217 2880 metuens

166 2933 220 2975 eas
237 2909 345 2972 adhuc
363 2909 492 2973 detinet
508 2918 694 2993 occupatas,
712 2920 746 2973 et
765 2918 924 2993 tanquam
948 2911 977 2974 ei
1001 2931 1070 2972 non
1093 2909 1219 2973 suffice·

166 3024 217 3079 ret
247 3015 339 3098 quud
369 3013 545 3077 manifeste
576 3022 691 3077 contra
715 3015 901 3099 juramenta
925 3015 1084 3098 premissa
1108 3036 1219 3097 presu-

166 3119 287 3182 mendo
300 3120 380 3181 talia
393 3117 557 3192 veniebat,
570 3140 675 3202 perse
689 3119 742 3181 vel
758 3139 835 3192 suos
853 3117 1009 3181 officiales
1025 3116 1218 3181 earumdem

166 3224 410 3307 possessionum
436 3222 586 3285 homines
611 3222 755 3305 dejerare
780 3222 951 3304 compulit,
976 3221 1063 3305 ipsos
1088 3243 1107 3284 a
1133 3222 1219 3306 jura-

167 3327 288 3389 mentis
316 3326 486 3389 fidelitatis
512 3325 633 3409 quibus
660 3327 807 3389 Romane
833 3324 1035 3389 tenebantur
1058 3325 1217 3400 Ecclesie,

166 3430 207 3494 de
225 3430 324 3504 facto,
341 3452 416 3493 cum
441 3429 481 3493 de
505 3430 577 3514 jure
601 3451 668 3492 non
691 3437 812 3513 posset,
829 3429 1014 3502 absolvens,
1036 3437 1071 3493 et
1094 3428 1219 3492 faciens

166 3533 299 3597 eosdem
327 3533 523 3597 filiolitatem
554 3533 790 3597 nichilominus
821 3533 971 3617 abjurare
1004 3532 1217 3617 praedictam,

166 3637 295 3721 sibique
313 3637 484 3700 fidelitatis
504 3637 691 3720 cujusmodi
714 3639 902 3722 juramenta
925 3646 1082 3722 prestare.
1122 3637 1218 3700 Pacis

167 3764 245 3805 vero
271 3742 467 3805 violatorem
490 3742 631 3805 existere
655 3742 752 3826 plene
776 3749 917 3816 constat,
937 3742 1017 3826 quia
1039 3764 1116 3805 curn
1139 3742 1219 3804 olim
