2768 4268
412 356 487 403 unu
510 356 810 404 nouuusrnurnn
835 357 978 404 aaaron.
1178 342 1219 407 75

211 524 342 611 Itaque,
358 525 494 609 quando
509 525 638 610 placuit
653 525 795 590 terribili
811 533 845 590 et
863 526 894 590 ei
914 527 973 610 qui
992 526 1105 592 aufert
1127 528 1220 612 spiri-

164 637 240 695 tum
269 631 469 714 principum,
497 629 638 694 terribili
667 629 757 714 apud
786 651 882 715 reges
908 638 1028 707 terrae,
1055 632 1089 694 in
1122 633 1218 717 cujus

165 755 268 798 manu
294 743 375 798 sunt
405 734 555 797 omnium
584 741 768 818 potestates
800 742 836 798 ct
864 736 1014 797 omnium
1044 735 1118 820 jura
1148 757 1218 821 reg·

165 859 295 913 norum,
318 837 426 901 felicis
451 839 628 902 memoriae
653 847 813 922 patruum
843 859 881 902 ae
914 840 1113 903 nutritorem
1145 861 1219 904 nos·
1289 881 1291 886 ·

165 949 265 1018 trum,
296 941 480 1028 gloriosum
511 942 738 1005 Romanorum
767 963 881 1028 regem
912 941 1146 1026 C(onradum)
1176 944 1216 1008 de

164 1047 313 1130 presenti
329 1047 400 1110 vita
415 1067 562 1122 evocare,
579 1047 726 1111 universi
741 1047 907 1131 principes
923 1048 1028 1133 regni,
1045 1055 1218 1132 tamquam

164 1150 281 1214 divino
304 1151 426 1234 spiritu
449 1151 612 1227 suscitati,
636 1149 676 1214 17
700 1149 753 1214 die
776 1160 852 1235 post
879 1149 1122 1236 depositionem
1145 1153 1216 1236 ejus

164 1255 200 1318 in
223 1253 384 1339 oppidum
408 1253 667 1318 Frankenevurt
688 1263 758 1318 tam
780 1276 840 1340 per
864 1277 898 1319 se
921 1256 1010 1340 ipsos
1034 1277 1137 1340 quam
1158 1278 1218 1340 per

164 1360 371 1443 responsales
401 1359 580 1423 honoratos
615 1366 855 1435 convenerunt,
886 1367 922 1424 et
957 1359 1081 1443 absque
1112 1360 1216 1425 ullius

164 1484 274 1527 morae
291 1463 468 1548 interjecto
483 1463 594 1547 spacio
611 1461 726 1527 eadem
743 1461 797 1527 die
813 1485 890 1527 cum
905 1465 1035 1551 ingenti
1052 1464 1216 1529 divinitus

163 1566 243 1632 data
266 1566 444 1631 concordia
471 1567 534 1651 ipsi
560 1568 728 1651 principes
752 1577 787 1631 et
813 1569 936 1632 caeteri
963 1590 1115 1653 proceres
1139 1591 1217 1632 oum

163 1672 269 1736 totius
287 1671 404 1756 populi
424 1670 537 1735 favore
557 1680 592 1735 et
607 1671 779 1745 alacritate
798 1693 859 1736 nos
875 1673 909 1735 in
926 1673 1023 1758 regni
1043 1672 1216 1758 fastigium

163 1775 351 1862 clegerunt.
405 1774 535 1854 Quinta
564 1774 777 1860 postmodum
808 1775 871 1853 die,
902 1775 938 1839 id
968 1783 1019 1841 est
1049 1785 1216 1841 transacta

162 1881 314 1966 proxime
345 1878 513 1944 mediante
545 1880 810 1967 quodragesima‚
838 1881 909 1965 pari
935 1888 971 1945 et
1000 1880 1117 1946 eodem
1144 1903 1217 1944 oon·

162 2005 344 2049 oeusucum
381 1985 536 2050 benivola
573 1986 689 2071 populi
732 1986 972 2050 acclamatione
1016 1986 1051 2048 in
1092 1985 1215 2070 oppido

163 2089 372 2175 Aquisgrani
407 2110 467 2154 nos
504 2112 564 2175 per
597 2091 835 2154 sacratissimas
868 2090 984 2155 devoti
1017 2089 1078 2152 filii
1111 2091 1215 2154 vestri

163 2193 349 2277 A(rnoldi)
383 2192 591 2259 Coloniensis
625 2195 875 2279 metropolitani
908 2202 943 2258 et
972 2193 1215 2258 venerabilium

97 2304 105 2326 ¹
162 2298 394 2383 episcoporum
410 2319 529 2363 manus
549 2299 621 2363 oleo
640 2299 912 2363 sanctificationis
933 2299 1091 2383 regaliter
1114 2319 1217 2362 unxe-

163 2409 244 2466 runt
265 2410 301 2467 et
322 2403 358 2465 in
377 2402 460 2466 solio
476 2404 571 2488 regni
586 2425 664 2468 cum
680 2403 909 2467 bencdictione
925 2402 1102 2487 sollempni
1119 2402 1216 2466 collo·

162 2516 336 2572 caverunt.
376 2506 446 2571 Nos
468 2529 547 2572 vcro
572 2508 607 2571 in
633 2507 878 2593 multiplicibus
903 2509 1014 2592 regiae
1040 2506 1215 2593 dignitatis

162 2613 377 2687 mamantis,
395 2611 517 2696 quibus
533 2613 654 2697 partim
671 2633 730 2697 per
745 2613 907 2676 laicorum
923 2611 1113 2696 principum
1128 2610 1217 2675 obse-

162 2714 244 2800 quia
273 2717 395 2801 partim
425 2737 485 2801 per
515 2715 713 2781 reverendas
747 2715 943 2801 pontificum
974 2714 1215 2779 benedictionis

162 2820 279 2892 vestiti
303 2841 430 2895 sumus,
456 2821 586 2906 regium
612 2809 763 2884 animum
787 2819 968 2895 induimus
996 2826 1067 2883 tota
1094 2819 1215 2882 mentis

162 2923 290 2988 virtute
307 2923 530 2999 intendentes,
548 2931 588 2988 ut
601 2925 699 3008 juxta
714 2922 930 3009 professionis
946 2931 1078 2987 nostrae
1094 2922 1217 2986 formu·

162 3026 241 3103 lam,
254 3050 354 3112 quam
371 3029 412 3093 ab
427 3027 621 3093 orthodoxis
637 3027 827 3114 presulibus
843 3029 877 3090 in
895 3028 966 3111 ipso
981 3028 1077 3111 regni
1094 3027 1216 3090 throno

162 3139 199 3196 ct
221 3133 380 3198 unctione
403 3154 497 3197 sacra
521 3134 727 3217 accepimus:
759 3132 919 3195 honorem
942 3130 1036 3195 vobis
1060 3138 1095 3194 et
1118 3130 1218 3194 dilec-

162 3236 300 3305 tionem,
313 3244 348 3302 et
363 3245 590 3302 sacrosanctae
607 3238 706 3300 matri
722 3245 833 3300 nostre
852 3236 1020 3299 Romanae
1037 3235 1215 3298 aecclesiae

162 3347 199 3404 et
213 3340 366 3405 omnibus
383 3342 615 3406 ecclesiasticis
637 3341 787 3426 personis
807 3349 994 3424 promptam
1016 3347 1050 3403 et
1069 3337 1216 3402 debitam

162 3444 331 3529 justiciam
352 3466 389 3508 ac
410 3445 636 3510 defensionem
654 3444 880 3518 exhibeamus,
898 3443 1008 3506 viduis
1024 3463 1062 3506 ac
1078 3442 1216 3526 pupillis

162 3556 199 3613 ct
223 3549 378 3613 universo
401 3550 524 3634 populo
546 3549 638 3613 nobis
658 3550 832 3613 commisso
850 3548 960 3634 legam
983 3554 1018 3611 et
1040 3568 1156 3632 pacem
1172 3545 1218 3609 fa-

163 3652 291 3717 ciamus
306 3660 341 3717 et
356 3676 602 3718 conservemus,

209 3754 295 3820 Cum
311 3758 400 3822 euim
417 3757 484 3821 duo
500 3759 578 3834 sint,
596 3758 717 3842 quibus
741 3757 971 3842 principaliter
992 3756 1046 3820 hic
1071 3754 1216 3818 mundus
