2768 4268
296 365 432 413 aaaron
456 366 501 412 os
524 366 598 412 rus
621 366 865 414 rraaucoumu
888 367 1092 424 auruncus„
1177 347 1219 412 35

162 533 290 598 decreti
313 533 367 598 dei
392 535 630 618 omnipotentis
654 535 763 619 gratia
786 541 950 619 protegat,
968 542 1002 598 et
1018 535 1218 598 auctoritate

162 638 336 701 beatorum
352 639 580 721 apostolorum
605 637 698 701 Petri
714 645 749 701 et
771 637 869 701 Pauli
886 637 927 701 ab
943 638 1092 701 omnium
1107 659 1221 722 pecca·

163 751 273 805 torum
289 742 434 805 vinculis
451 741 613 805 absolvat.

208 846 280 931 Ego
303 845 462 909 Nicolaus
486 847 659 931 episcopus
683 855 817 910 sanctae
836 846 1019 911 catholicae
1036 854 1071 910 et
1094 854 1221 931 aposto-

162 951 246 1013 licae
275 950 443 1013 Romanae
469 951 627 1014 eeclesiae
654 950 732 1040 huic
759 950 893 1015 decreto
916 972 935 1014 a
958 950 1052 1014 uobis
1075 951 1221 1035 promul-

162 1063 251 1140 gate,
267 1055 357 1117 sicut
379 1055 532 1139 superius
555 1055 690 1141 legitur,
709 1055 900 1140 subscripsi.
947 1054 1141 1118 Bonifacius
1165 1053 1219 1118 dei

162 1158 270 1244 gratia
301 1158 502 1223 Albauensis
540 1160 714 1242 episcopus
753 1159 943 1243 subscripsi.
1011 1157 1219 1223 Humbertus

162 1270 297 1326 sanctae
319 1262 477 1327 ecelesiae
502 1261 612 1326 Silvae
638 1253 808 1326 Candidae
832 1265 1005 1347 episcopus
1028 1263 1219 1346 subscripsi.

163 1366 285 1431 Petrus
307 1367 472 1431 Ostiensis
489 1367 646 1431 ecclesiae
664 1367 838 1450 episcopus
854 1367 1044 1450 subscripsi.
1092 1367 1136 1429 Et
1152 1371 1223 1431 caess

163 1471 227 1534 teri
251 1471 398 1555 episcopi
422 1492 561 1534 numero
586 1469 750 1534 LXXVI.
772 1491 850 1534 cum
872 1468 1074 1555 presbyteris
1097 1476 1133 1533 et
1155 1469 1222 1534 dia·

164 1573 302 1638 conibus
319 1575 599 1658 subscripserunt.
1184 1579 1190 1593 “

622 1805 759 1831 —-000—

209 1998 352 2061 terrun
380 1999 424 2060 OF
452 1999 582 2061 HENRY
609 1999 659 2060 IV.
688 1999 734 2061 ΤΟ
762 1999 934 2062 GEEGORY
961 1999 1028 2061 VII.
1063 1999 1178 2080 (1073).

484 2160 576 2220 [rasa
593 2160 902 2219 maneaoemraa]
1004 2133 1008 2142 ⁴

209 2305 477 2392 Vigilantissimo
493 2314 528 2370 et
548 2304 853 2370 desiderantissimo
876 2303 997 2368 domno
1020 2325 1124 2388 papae
1143 2303 1223 2369 Gre-

164 2411 258 2496 gorio
282 2411 464 2494 apostolica
495 2408 661 2495 dignitate
689 2410 831 2473 coelitus
859 2409 1020 2493 insignito
1052 2407 1221 2472 Henricus

166 2515 390 2577 Romanorum
419 2513 483 2577 Dei
509 2514 618 2599 gratia
645 2534 705 2577 rex
734 2512 841 2576 debiti
867 2511 1051 2576 famulatus
1073 2511 1223 2576 fidelissi·

165 2639 252 2680 mam
269 2617 520 2681 exhibitionem.

210 2721 298 2784 Cum
314 2722 402 2784 enim
418 2742 560 2805 regnum
576 2726 611 2784 et
626 2719 861 2794 sacerdotium,
878 2728 918 2784 ut
941 2721 976 2783 in
1001 2718 1135 2784 Christo
1158 2722 1222 2784 rite

165 2823 399 2888 administrata
415 2824 608 2898 subsistant,
623 2825 747 2887 vicaria
762 2825 814 2887 sui
831 2844 892 2908 ope
905 2846 1035 2908 semper
1048 2824 1223 2909 indigeant

165 2935 299 3012 oportet
315 2929 482 3007 nimirum,
496 2926 630 2992 domine
647 2928 692 2990 mi
708 2934 744 2991 et
758 2935 854 3012 pater
869 2928 1102 3003 amantissime,
1117 2929 1223 3012 quati-

167 3055 229 3096 nus
245 3032 287 3097 ab
302 3033 445 3095 invicem
461 3033 597 3096 minime
615 3032 825 3106 dissentiant,
840 3054 957 3095 verum
970 3033 1081 3116 potius
1096 3032 1222 3096 Christi

166 3137 300 3222 glutino
328 3137 601 3221 conjunctissima
626 3136 904 3200 indissolubiliter
928 3134 990 3199 sibi
1014 3135 1222 3199 cohaereant.

167 3241 319 3324 Namque
343 3241 390 3304 sic
418 3248 453 3305 et
479 3262 546 3303 non
573 3241 671 3304 aliter
695 3247 913 3304 conservatur
935 3241 969 3302 in
994 3239 1130 3303 vinculo
1153 3261 1224 3323 per-

166 3344 274 3409 fectae
291 3345 439 3408 caritatis
456 3353 491 3410 et
506 3345 597 3428 pacis
614 3353 649 3409 et
665 3344 866 3409 christianae
884 3343 1062 3407 concordia
1082 3344 1222 3408 unitatis

166 3457 202 3514 et
226 3449 468 3514 ecclesiasticae
491 3449 591 3513 simul
616 3457 724 3513 status
748 3449 931 3533 religionis.
979 3446 1046 3511 Sed
1068 3468 1138 3522 nos,
1164 3447 1223 3531 qui

167 3552 229 3617 deo
256 3561 424 3617 annuente
452 3555 547 3638 regni
571 3553 780 3638 aliquamdiu
803 3553 870 3637 jam
893 3552 1055 3616 sortimur
1078 3552 1224 3615 ministe-

167 3658 264 3732 rium,
282 3656 477 3732 sacerdotio,
495 3665 535 3720 ut
551 3658 710 3741 oportuit,
727 3678 786 3740 per
802 3657 913 3719 omnia
928 3656 981 3739 jus
1002 3662 1037 3719 et
1061 3655 1223 3719 honorem

167 3781 235 3824 non
259 3759 472 3824 exhibuimus
496 3760 705 3846 legitimum3
736 3760 861 3844 quippe
889 3759 982 3824 nobis
1007 3780 1026 3822 a
1049 3758 1123 3823 Deo
1146 3756 1222 3822 date
