2768 4268
179 350 241 413 100
398 366 530 414 suanos
554 366 760 413 nummvnn
781 366 1009 414 nocuamnrs.
1082 405 1087 418 .

177 557 298 621 papam
328 536 535 619 recepitne
565 536 595 599 ei
622 535 768 600 debitam
798 537 1020 600 reverentiam
1050 535 1232 614 exhibebit,

176 641 265 703 sicut
288 640 445 703 catholici
468 641 521 703 sui
544 647 768 704 antecessores
791 641 860 703 suis
884 641 1058 705 catholicis
1084 648 1234 705 anteces-

176 744 305 807 soribus
322 742 555 808 exhibuerunt.
603 741 854 808 successoribus
870 765 1005 828 quoque
1028 745 1096 808 suis
1120 744 1234 808 catho

176 849 240 913 lice
257 847 615 911 intrantibnseandem
631 849 852 912 reverentiam
868 847 1048 913 exhibebit.

124 943 126 947 ’
223 952 251 1014 2.
284 952 330 1014 Et
353 951 471 1015 reddet
496 951 650 1014 dominus
675 953 855 1036 imperator
879 973 991 1016 veram
1015 974 1131 1037 pacem
1160 961 1231 1017 tam

177 1057 312 1120 domino
342 1077 425 1139 pape
450 1055 646 1119 Alexandro
676 1046 777 1140 quari]
801 1056 954 1120 omnibus
985 1056 1231 1121 suecessoribus

176 1162 246 1225 suis
271 1168 306 1224 et
330 1161 394 1223 toti
419 1160 568 1223 Romane
593 1161 741 1224 ecclesie.

222 1265 251 1327 3.
284 1263 427 1327 Omnem
453 1285 532 1327 vero
562 1265 803 1346 possessionem
833 1272 868 1328 et
897 1272 1128 1329 tenementum
1159 1266 1230 1329 sive

177 1369 365 1454 prefecture
398 1368 469 1431 sive
508 1368 646 1431 alterius
684 1369 732 1432 rei
767 1390 868 1452 quam
906 1369 1056 1432 Romana
1090 1369 1232 1434 ecelesia

176 1474 295 1537 habuit
318 1481 352 1536 et
379 1473 448 1555 ipse
476 1471 616 1535 abstulit
642 1494 701 1555 per
723 1495 757 1536 se
781 1473 835 1536 vel
857 1494 917 1557 per
940 1474 1032 1548 alios,
1055 1472 1142 1536 bona
1164 1472 1230 1538 fide

178 1578 334 1642 restituet
356 1577 386 1640 ei
409 1576 501 1640 salvo
526 1577 615 1639 omni
638 1577 710 1660 jure
734 1577 874 1659 imperii.
920 1577 1071 1639 Ecclesia
1093 1598 1230 1661 quoque

177 1682 327 1745 Romana
350 1702 483 1744 omnem
505 1681 747 1764 possessiouem
770 1687 804 1743 et
827 1687 1058 1744 tenementum
1085 1680 1177 1764 quod
1200 1682 1231 1745 ei

176 1785 315 1849 abstulit
331 1807 389 1868 per
403 1807 438 1847 se
456 1785 509 1848 vel
526 1807 584 1868 per
599 1785 691 1860 alios,
708 1784 793 1847 bona
815 1784 880 1848 fide
905 1785 935 1848 ei
958 1786 1116 1848 restituet
1137 1785 1230 1849 salvo

177 1891 268 1952 omni
284 1890 355 1973 jure
373 1889 521 1952 Romane
538 1889 686 1952 ecclesie.

221 1993 251 2055 l.
283 1993 513 2056 Possessiones
535 1994 644 2066 etiam
662 2014 744 2076 quas
767 1991 921 2056 dominus
945 1994 1124 2077 imperator
1138 1995 1232 2058 resti·

177 2105 260 2172 tuat,
277 2096 320 2159 ad
335 2095 547 2160 retinendum
564 2096 704 2180 juvabit.

222 2200 251 2263 5.
284 2199 445 2263 Similiter
462 2207 496 2263 et
511 2201 683 2263 universos
700 2201 860 2264 vassallos
877 2201 1026 2276 ecclesie,
1039 2222 1123 2285 quos
1140 2222 1232 2265 occa·

177 2307 267 2369 sione
291 2305 453 2368 scismatis
478 2303 633 2366 dominus
657 2305 837 2387 imperator
859 2305 1000 2367 abstulit
1015 2305 1071 2369 vel
1093 2306 1230 2390 recepit,

177 2410 332 2472 dominus
348 2408 527 2491 imperator
538 2408 688 2470 absolvet
700 2418 734 2471 et
746 2408 880 2471 domino
896 2431 980 2492 pape
993 2408 1228 2492 A(lexandro)

178 2511 333 2574 restituet
349 2516 383 2572 et
400 2508 537 2572 ecclesie
555 2508 713 2571 Ronnme.

222 2614 251 2676 6.
285 2612 441 2676 Preterea
465 2611 619 2674 dominus
643 2613 821 2695 imperator
843 2620 878 2676 et
901 2613 1055 2677 dominus
1078 2635 1165 2699 papa
1187 2613 1231 2677 ad

177 2717 336 2781 honorem
353 2724 386 2780 et
402 2717 476 2800 jura
494 2717 631 2779 ecclesie
648 2724 682 2779 et
697 2717 826 2799 imperii
843 2717 1070 2781 conservanda
1085 2739 1119 2781 se
1137 2719 1232 2782 vicis·

177 2820 241 2883 sim
264 2818 437 2902 juvabunt,
452 2817 606 2880 dominus
623 2839 708 2900 papa
723 2825 763 2880 ut
779 2818 942 2902 benignus
958 2826 1053 2901 pater
1069 2817 1231 2882 devotum

179 2932 213 2988 et
228 2923 451 2986 carrissimum
471 2922 578 2984 filium
602 2929 636 2985 et
658 2923 891 3006 imperatorem
908 2922 1230 3000 christianissimum,

178 3027 333 3090 dominus
350 3048 428 3089 vero
446 3027 625 3109 imperator
640 3034 680 3089 ut
696 3026 838 3089 devotus
861 3026 951 3089 filius
975 3035 1010 3090 et
1032 3026 1232 3091 christianis-

178 3132 281 3194 simus
299 3132 477 3214 imperator
491 3130 653 3193 dilectum
666 3137 700 3193 et
715 3129 936 3194 reverendum
953 3138 1080 3214 patrem
1094 3139 1129 3195 et
1143 3131 1231 3194 beati

180 3235 273 3298 Petri
290 3236 459 3298 vicarium.

224 3339 252 3402 7.
285 3339 506 3422 Quacumque
523 3347 638 3403 antem
653 3346 801 3421 tempore
814 3340 977 3402 scismatis
990 3339 1044 3403 vel
1060 3339 1231 3403 occasione

180 3444 282 3526 ipsius
299 3453 358 3506 aut
374 3444 446 3507 sine
464 3443 578 3506 ordine
595 3443 765 3526 juditiario
782 3443 930 3506 ecclesiis
946 3465 965 3506 a
981 3443 1117 3506 domino
1133 3443 1233 3526 impe-

179 3555 286 3611 ratore
303 3547 359 3610 vel
375 3548 443 3610 suis
459 3554 539 3610 sunt
555 3547 674 3621 ablata,
692 3548 722 3610 ei
738 3549 969 3611 restituentur.

225 3651 253 3713 8.
286 3650 430 3714 Domina
446 3652 546 3735 etiam
564 3651 742 3733 B(eatrix)
760 3651 954 3735 imperatrix
976 3651 1116 3735 recipiet
1131 3650 1233 3714 domi-

180 3776 260 3817 num
285 3776 405 3838 papam
421 3754 696 3838 A(lexandru1n)
722 3756 757 3817 in
781 3756 983 3819 catholicum
1008 3763 1042 3819 et
1065 3756 1233 3819 universa·
