2768 4268
183 286 246 350 138
404 302 535 349 suasor
558 302 763 347 sisuinnai
786 302 1011 351 ooouunurs

656 521 756 585 VIII.

226 652 418 716 Fridcricus
434 652 498 716 Dei
523 653 632 738 gratia
656 652 881 716 Romanorum
904 653 1083 738 imperator
1105 675 1237 740 semper

180 766 346 842 augustus
364 756 550 820 Jerusalem
567 764 602 819 et
618 754 730 820 Sicilie
746 778 816 832 rex,
832 757 1033 841 justitiariis,
1047 759 1235 834 comitibus

181 860 370 934 baronibus,
387 859 560 935 militibus,
577 860 775 936 camerariis,
791 859 912 944 bajulis
928 867 963 925 et
981 862 1145 927 universis
1169 861 1236 927 offi-

181 964 322 1029 cialibus
352 985 412 1048 per
436 970 546 1027 toturn
572 964 827 1048 justitiariatum
853 964 1034 1029 Barensem
1060 973 1094 1030 et
1121 966 1237 1030 Basili·

180 1076 291 1132 catam
307 1068 500 1131 constitutis
517 1066 670 1130 fidelibus
686 1067 755 1130 suis
774 1069 918 1152 gratiam
941 1090 1035 1132 suam
1058 1077 1092 1133 et
1114 1068 1235 1133 bonam

181 1173 402 1236 voluntatem.
450 1169 649 1234 Mandamus
666 1178 701 1234 ct
716 1172 928 1255 precipimus,
945 1173 1105 1256 quatinus
1121 1174 1235 1238 nullus

183 1275 224 1340 de
241 1284 349 1339 cetero
365 1275 506 1338 clericus
522 1297 581 1338 scu
604 1296 746 1358 persona
768 1275 994 1340 ecclesiastica
1016 1279 1236 1341 conveniatur

181 1364 327 1443 civiliter
355 1401 417 1443 seu
446 1379 664 1442 criminaliter
694 1400 804 1442 eoram
836 1378 948 1464 judice
986 1381 1139 1454 seculari,
1170 1382 1235 1445 nisi
1298 1406 1299 1409 ¹

179 1484 327 1547 civiliter
342 1504 442 1567 super
457 1481 574 1545 feodis.

226 1587 315 1650 Data
330 1588 366 1649 in
381 1588 499 1650 castris
516 1608 616 1670 prope
635 1586 854 1671 Ceperanum,
874 1588 914 1651 28
931 1588 1021 1673 Aug.
1040 1588 1059 1651 3
1074 1588 1191 1653 indict.

675 1806 739 1869 IX.

230 1935 339 2021 [tang.
357 1936 426 2022 28]
461 1934 530 1999 Nos
547 1935 611 1999 Dei
627 1936 735 2021 gratia
748 1935 956 1999 Arelatensis
969 1935 1236 2022 archiepiscopus

184 2040 427 2103 Wintoniensis
451 2048 486 2103 et
509 2039 724 2102 Beluacensis
748 2039 895 2123 episcopi
919 2041 1074 2124 requisiti
1097 2062 1116 2104 a
1140 2063 1238 2106 vene·

181 2143 341 2207 rabilibus
357 2143 508 2227 patribus
525 2142 679 2207 Iohanne
697 2143 761 2206 Dei
777 2145 886 2228 gratia
908 2144 1063 2227 episcopo
1087 2142 1236 2209 Sabiensi

182 2257 217 2311 et
233 2247 362 2309 Thoma
380 2247 473 2310 tituli
489 2255 604 2310 sancte
621 2245 741 2310 Sabine
758 2246 951 2332 presbytero
968 2247 1129 2311 cardinali
1146 2269 1238 2332 apos·

182 2352 281 2415 tolioe
294 2351 382 2414 sedis
397 2351 526 2435 legatis,
540 2358 579 2413 ut
593 2372 694 2434 super
708 2350 772 2413 hiis
790 2372 855 2434 que
867 2349 908 2414 de
921 2373 1077 2434 processu
1088 2352 1236 2436 ipsorum

182 2457 217 2518 in
235 2456 369 2540 negotio
386 2454 604 2518 absolutionis
621 2453 733 2516 domni
757 2455 965 2537 imperatoris
988 2454 1179 2520 audivimus
1203 2465 1237 2521 et

183 2559 328 2623 vidimus
345 2559 585 2622 testimoniales
608 2559 739 2622 litteras
762 2558 1011 2634 scriberemeus,
1028 2559 1071 2623 ad
1094 2581 1238 2624 commu·

182 2686 259 2727 nom
285 2662 481 2726 deducimus
506 2663 671 2738 notitiam,
697 2661 788 2746 quod
812 2662 955 2747 predicti
981 2662 1108 2726 domini
1132 2664 1236 2750 legati

180 2765 317 2828 domino
333 2765 525 2847 imperatori
541 2763 697 2826 fecerunt
713 2762 870 2826 mandata
886 2763 1072 2847 subscripta
1088 2765 1124 2826 ln
1147 2765 1236 2829 hunc

182 2868 329 2932 modum.
370 2878 387 2906 “
398 2867 465 2930 Nos
477 2868 498 2930 J
501 2867 647 2931 ohannes
661 2867 725 2930 Dei
738 2868 847 2952 gratia
858 2865 1049 2931 Sabinensis
1062 2869 1236 2954 episcopus

179 2982 217 3038 et
242 2973 371 3036 Thoma
394 2971 509 3036 eadem
533 2973 641 3057 gratia
664 2972 758 3034 tituli
781 2978 895 3035 sancte
920 2970 1040 3035 Sabine
1064 2972 1237 3058 presbyter

183 3078 359 3142 cardinalis
376 3077 556 3160 apostolice
573 3075 660 3139 sedis
673 3076 786 3160 legati,
794 3076 1000 3154 „auctoritate
1015 3074 1140 3138 domini
1153 3098 1236 3160 pape

183 3182 379 3245 mandamus
406 3180 541 3243 domino
567 3180 767 3264 imperatori,
792 3178 882 3263 quod
906 3200 973 3241 non
997 3178 1158 3262 impediat
1179 3201 1238 3263 per

180 3309 217 3351 se
239 3288 293 3350 vel
316 3308 374 3370 per
397 3285 501 3347 alium
525 3285 606 3368 quin
632 3284 821 3356 electiones
839 3283 1082 3365 postulationes
1106 3290 1141 3347 et
1164 3305 1239 3347 con-

184 3391 386 3454 firmationes
407 3388 632 3462 ecclesiarum,
650 3386 926 3459 monasteriorum
949 3386 985 3448 in
1008 3407 1111 3471 regno
1135 3386 1237 3451 libere

183 3494 266 3557 fiant
281 3493 434 3557 decetero
450 3490 635 3555 secundum
652 3497 779 3553 statuta
793 3490 926 3552 concilii
938 3490 1112 3574 generalis.
1151 3490 1238 3555 Item

183 3606 223 3661 ut
250 3597 425 3660 comitibus
451 3594 692 3658 Celanensibus
720 3600 755 3655 et
778 3592 853 3655 filiis
878 3591 1048 3675 quondam
1072 3593 1239 3657 Rainaudi

181 3701 224 3766 de
253 3701 382 3765 Aversa
406 3697 591 3764 satisfaciat
613 3695 799 3761 secundum
823 3693 964 3757 formam
988 3695 1238 3779 compositionis
