2768 4268
167 109 208 172 32
385 127 517 172 suasor
542 127 747 172 rrnurmvnu
774 127 1001 173 nocuunurs.

166 294 266 358 dente
304 316 439 378 quoque
476 294 751 358 reverendissimo
785 317 822 358 ao
854 295 1047 358 beatissimo
1080 294 1200 367 NicoL
1213 347 1263 389 {a

165 399 347 482 apostolico
363 420 459 483 papa,
476 400 511 460 in
528 398 662 462 basilica
687 399 905 462 Lateranensi
927 399 1116 482 patriarchi,
1134 421 1247 482 (μιν

166 503 422 586 cognominatur
450 501 739 578 Constantiniana,
768 502 1018 566 considentibus
1046 503 1147 565 etiarn
1174 525 1219 565 re-

165 605 414 670 verendissimis
451 606 719 690 archiepiscopis
750 608 925 691 episcopis,
956 607 1129 670 abbatibus
1160 628 1219 680 seu

165 709 412 775 venerabilibus
435 710 639 795 presbyteris
662 718 764 794 atque
789 711 993 785 diaconibus,
1010 710 1099 774 idem
1123 733 1220 775 venc-

164 814 277 878 rabilis
309 814 475 898 pontifex,
506 816 705 879 auctoritate
736 815 918 898 apostolica
951 815 1143 891 decernens
1178 815 1218 879 de

164 909 334 983 electione⁸
354 910 475 982 sumini
499 919 666 1002 pontificis
690 920 820 1003 inquit:

208 1021 313 1086 Novit
333 1021 508 1086 beatitudo
525 1032 647 1098 vestra,
664 1023 874 1087 dilectissimi
897 1022 1016 1087 fratres
1040 1031 1075 1088 et
1098 1026 1225 1111 corvis-5

164 1128 249 1210 copi,
280 1126 438 1190 inferiora
470 1149 604 1211 quoque
636 1126 783 1191 membra
815 1149 882 1190 non
913 1129 1025 1203 latuit,
1057 1127 1148 1191 defui
1189 1138 1217 1166 '⁶

163 1232 237 1315 piae
261 1232 437 1294 memoriae
461 1231 596 1294 domino
620 1230 790 1315 Stephano
807 1230 978 1295 decessore
995 1241 1120 1306 nostro,
1138 1233 1174 1315 lt¹

164 1336 345 1418 apostolica
360 1335 465 1411 sedes,
482 1336 537 1399 cui
552 1323 690 1400 auctore
709 1335 772 1399 deo
795 1335 957 1411 deservio,
975 1343 1059 1420 quot
1081 1335 1143 1399 adv
1176 1359 1219 1399 sa

163 1440 352 1523 pertulerit,
370 1447 455 1524 quot
470 1439 615 1524 denique
631 1462 690 1524 per
705 1441 905 1504 simoniacae
921 1440 1064 1503 haeresis
1083 1448 1150 1524 tral’

163 1550 215 1606 tas
239 1545 367 1608 malleis
391 1544 580 1628 crebrisque
604 1544 817 1608 tunsionibus
840 1544 1054 1619 subiacuerit,
1074 1544 1155 1609 ader

163 1648 321 1732 columna
337 1647 391 1711 dei
408 1649 554 1712 viventis
571 1649 703 1711 iamiam
726 1670 830 1732 paene
848 1647 1019 1712 videretur
1042 1657 1160 1712 nutare
1188 1673 1220 1712 ci

163 1772 287 1837 sagena
303 1753 424 1815 summi
444 1753 597 1836 pisatoris
621 1753 776 1836 procellis
801 1753 1102 1815 intumescentibus
1127 1776 1220 1838 coge-

163 1863 256 1920 retur
279 1857 314 1918 in
333 1855 501 1941 naufragii
517 1855 683 1940 profundo
699 1856 876 1940 submergi.
923 1856 1031 1930 Unde,
1057 1857 1085 1918 si
1109 1858 1219 1939 placet

164 1958 368 2023 fraternitati
384 1967 528 2034 vestrae,
545 1959 704 2023 debemus
721 1960 904 2022 auxiliante
922 1959 983 2022 deo
999 1959 1122 2022 futuris
1142 1961 1220 2022 casi-

163 2063 225 2127 bus
246 2064 431 2149 prudenter
454 2086 626 2127 occurrere
650 2071 685 2127 et
708 2064 934 2127 ecclesiastico
956 2064 1054 2138 satui,
1072 2085 1111 2125 ne
1136 2085 1159 2124 r·
1184 2063 1192 2068 ”

164 2169 396 2254 viva—quod
434 2167 691 2233 absitl-mala
724 2168 950 2251 praevaleant,
982 2168 1016 2229 in
1048 2174 1152 2250 poster

163 2273 364 2357 praevidere.
413 2272 625 2357 Quapropter
647 2273 802 2336 instructi
825 2270 1118 2355 praedecessorum
1147 2319 1154 2333 ,

163 2384 291 2440 trorum
307 2379 515 2461 aliorumque
532 2384 725 2440 sanctorum
739 2383 877 2461 patrum
892 2377 1091 2439 auctoritate
1111 2375 1147 2454 dr

163 2482 274 2545 nimus
291 2490 393 2566 atque
410 2483 607 2545 statuimus:
638 2548 640 2552 ,

207 2585 237 2648 1.
263 2585 319 2661 Ut,
337 2586 481 2650 obeunte
513 2585 613 2648 huius
642 2585 809 2648 Romanae
837 2585 1036 2650 universalis
1061 2586 1148 2648 eccle
1216 2633 1218 2640 ,

163 2690 332 2773 pontifice,
363 2690 525 2773 imprimis
559 2689 744 2752 cardinales
779 2689 925 2772 episcopi
962 2688 1219 2774 diligentissima

162 2795 264 2860 simul
281 2794 546 2858 consideratione
564 2801 757 2881 tractantes,
775 2815 852 2860 mox
868 2793 931 2883 sibi
955 2794 1092 2881 clericos
1117 2793 1220 2856 cardi-

163 2895 254 2962 nales
281 2893 472 2975 adhibeant,
495 2889 788 2982 sicque'reliquus
817 2884 928 2962 clerus
951 2905 985 2961 et
1006 2888 1150 2986 populus
1174 2896 1217 2958 ad

163 3023 363 3066 consensum
379 3024 484 3067 novae
501 3001 675 3067 electionis
693 3001 864 3066 accedant.

208 3107 237 3169 2.
263 3107 531 3171 Ut—nimirum
547 3095 588 3171 ne
605 3102 796 3171 venalitatis
812 3100 946 3169 morbus
966 3106 1116 3190 qualibet
1132 3127 1221 3168 occa-

163 3213 255 3276 sione
271 3213 437 3296 surripiat,
448 3212 649 3296 —religiosi
665 3212 728 3274 viri
745 3210 926 3295 praeduces
942 3211 1012 3272 siut
1034 3211 1070 3272 in
1093 3231 1221 3294 promo-

164 3316 266 3381 vendi
281 3317 448 3400 pontificis
465 3317 638 3391 electione,
654 3316 777 3398 reliqui
793 3323 905 3379 autem
922 3335 1089 3398 sequaces.

208 3421 255 3485 Et
281 3419 369 3485 certe
396 3428 508 3484 rectus
536 3427 638 3503 atque
664 3420 836 3503 legitimus
864 3418 918 3481 hic
942 3418 1116 3481 electionis
1141 3440 1151 3479 r
1173 3417 1221 3479 do

164 3524 393 3609 perpenditur,
420 3525 449 3587 si
479 3510 661 3608 perspectis
693 3521 902 3585 diversorum
932 3528 1064 3604 patrum
1096 3521 1221 3606 regulis
