2768 4268
188 296 251 360 134
407 313 539 358 sanncr
562 311 770 358 unnrmvan
793 309 1021 357 ooouunurs.

187 490 222 546 et
244 481 336 546 bulla
351 501 452 545 aurea
473 481 603 567 typario
624 488 735 544 nostre
759 480 942 564 majestatis
965 480 1125 563 impressa
1146 479 1241 565 jussi-

187 608 262 650 mus
279 585 485 650 communiri.

232 691 321 754 Data
345 689 435 773 apud
457 697 611 753 sanctum
636 688 840 753 Germanum
860 710 948 751 anno
964 687 1121 752 dominici
1137 689 1242 752 incar·

187 793 434 869 nations1230‚
451 793 504 858 die
521 794 643 857 mensis
660 793 682 856 J
684 794 753 868 ulii,
770 793 868 857 tertie
885 791 1089 855 indictionis.

682 1046 746 1109 III.

234 1211 424 1277 Fridericus
441 1211 506 1275 Dei
524 1211 643 1297 gratia,
661 1217 724 1274 etc.
772 1208 837 1274 Per
854 1231 990 1294 presens
1009 1210 1171 1293 scriptum
1186 1231 1242 1273 no·

188 1325 262 1382 tum
286 1317 357 1381 fieri
381 1316 537 1380 volumus
560 1316 735 1390 universis,
756 1312 848 1398 quod
878 1315 968 1377 inter
996 1321 1241 1377 sacrosanctam
1281 1307 1283 1311 ’

189 1421 374 1485 Romanam
397 1420 570 1484 ecclesiam
594 1427 734 1482 matrem
757 1426 904 1481 nostram
928 1425 962 1481 et
989 1439 1049 1480 nos
1072 1417 1240 1492 convenit,

189 1525 281 1610 quod
304 1525 344 1589 de
364 1525 534 1588 communi
557 1524 734 1588 voluntate
755 1522 954 1587 tractabitur
978 1521 1018 1586 de
1038 1522 1092 1586 via
1115 1521 1242 1585 inveni·

189 1629 285 1705 enda,
302 1630 448 1714 qualiter
463 1628 505 1692 ad
521 1650 581 1692 nos
599 1651 675 1692 cum
690 1628 814 1692 honore
831 1627 979 1713 ejusdem
995 1633 1108 1690 sancte
1125 1626 1241 1689 matris

189 1734 327 1798 ecclesie
362 1742 574 1798 revertantur
612 1732 769 1797 Gaietani
800 1741 834 1797 et
872 1732 996 1796 Sancta
1034 1731 1240 1818 Agathensis

190 1839 342 1902 civitates
365 1846 400 1902 et
423 1860 535 1903 omnes
554 1860 630 1901 cum
652 1838 742 1901 bonis
762 1839 830 1902 suis
847 1837 888 1902 de
905 1859 1009 1923 regno
1024 1844 1138 1901 nostro
1162 1835 1243 1900 Sici-

190 1943 244 2017 lie‚
262 1965 346 2026 quos
363 1943 501 2006 ecclesia
517 1943 552 2004 in
567 1964 628 2005 sua
643 1942 707 2005 fide
724 1944 859 2026 recepit,
877 1950 911 2006 et
933 1944 968 2004 in
989 1942 1127 2007 ecclesie
1144 1940 1243 2006 (levo-

189 2047 282 2111 tione
309 2046 502 2130 perdurant,
526 2046 568 2110 ad
593 2068 694 2130 quem
719 2053 902 2111 tractatum
925 2046 1022 2110 datus
1046 2054 1098 2110 est
1123 2067 1241 2120 annus

190 2152 255 2213 nisi
277 2158 355 2214 ante
380 2152 434 2214 via
459 2151 570 2214 valeat
592 2151 746 2214 inveniri.
801 2150 858 2237 Ad
883 2173 984 2235 quam
1006 2149 1243 2215 inveniendam

191 2255 281 2318 dicta
304 2262 410 2318 mater
433 2255 572 2319 ecclesia
596 2276 710 2318 curam
735 2263 770 2319 et
797 2254 1060 2319 sollicitudinem
1086 2253 1241 2318 adhibere

191 2360 352 2443 promisit,
376 2381 437 2423 nec
462 2360 627 2423 terminus
653 2360 716 2422 nisi
740 2359 780 2423 de
804 2381 967 2423 consensu
990 2359 1137 2443 partium
1160 2358 1244 2422 ulte·

190 2464 260 2526 rius
291 2463 533 2548 prorogabitur.
589 2462 648 2527 Set
678 2464 715 2539 si,
744 2463 837 2547 quod
868 2462 963 2538 absit,
994 2463 1082 2526 infra
1112 2462 1242 2527 dictum

191 2569 372 2631 terminum
388 2569 443 2631 via
461 2569 600 2631 inventa
622 2589 691 2630 non
714 2566 828 2644 fuerit,
848 2590 890 2631 ex
913 2576 995 2631 tuuc
1019 2589 1078 2651 per
1101 2567 1242 2631 arbitros

191 2673 325 2735 interim
350 2671 519 2757 eligendos
543 2671 744 2755 procedetur
768 2673 803 2734 in
827 2672 881 2735 via
907 2678 945 2734 ut
968 2671 1096 2735 dictum
1124 2679 1176 2735 est
1196 2671 1244 2733 in-

192 2776 367 2841 venienda.
429 2776 582 2854 Quorum
613 2776 680 2838 duo
713 2777 782 2839 sint
819 2798 861 2840 ex
900 2784 994 2860 parte
1028 2776 1178 2850 ecclesie,
1209 2781 1244 2839 et

191 2879 259 2943 duo
278 2903 319 2943 ex
336 2889 429 2964 parte
453 2888 578 2944 nostra.
626 2880 694 2958 Qui
718 2882 745 2943 si
769 2880 967 2944 concordare
984 2902 1052 2942 non
1072 2885 1243 2964 poterunt,

192 2986 347 3069 quintum
365 2986 503 3070 eligant,
520 2993 554 3048 et
570 2984 659 3047 (licto
684 2986 818 3069 majoris
841 2986 945 3068 partis
968 2984 1121 3047 stabitur.
1168 2982 1265 3047 Pre»

190 3097 318 3154 stamus
349 3090 463 3173 itaque
495 3090 720 3173 juramentum
752 3111 811 3172 per
842 3089 1059 3151 Thornasiurn
1088 3088 1244 3152 comitem

192 3193 395 3257 Acerrarum
412 3193 572 3257 dilectum
589 3193 721 3256 fidelem
736 3202 890 3256 nostrum
906 3194 940 3255 in
956 3193 1065 3255 anima
1081 3200 1195 3256 nostra
1210 3198 1245 3256 et

192 3297 232 3361 de
265 3298 422 3360 mandato
453 3307 566 3361 nostro
597 3298 774 3382 jurantem,
799 3296 890 3380 quod
920 3297 1054 3361 iuterim
1076 3295 1244 3380 predictas

190 3410 297 3466 terras
321 3410 356 3465 et
378 3402 528 3464 homines
552 3423 619 3464 non
639 3400 846 3465 offendemus
863 3384 898 3462 in
917 3402 1066 3485 personis
1088 3408 1123 3464 et
1145 3400 1244 3464 rebus

191 3527 251 3570 nec
269 3528 288 3568 a
304 3507 425 3569 nostris
441 3506 672 3590 permittemus
689 3505 823 3580 offendi,
837 3514 871 3569 et
887 3506 975 3568 viam
992 3527 1057 3588 que
1072 3505 1246 3569 invenitur

191 3633 251 3694 per
267 3632 443 3673 comunem
466 3618 649 3673 tractatum
672 3608 821 3693 ejusdem
840 3611 954 3672 matris
971 3610 1106 3673 ecclesie
1124 3617 1158 3673 et
1173 3630 1247 3672 nos·

191 3722 282 3778 trum
310 3714 364 3777 vel
391 3736 450 3797 per
476 3713 651 3776 arbitrium
678 3713 935 3777 observabimus.
990 3713 1048 3775 Ad
1074 3714 1170 3796 cujus
1197 3713 1246 3777 rei
