2768 4268
167 296 210 359 90
387 311 519 358 sunner
541 310 747 356 nrnnnnvan
762 309 992 356 nocnnnnrs.

167 481 335 529 cardinalem
347 484 376 528 et
388 479 527 527 Romanae
540 479 691 528 aecclesiae
703 478 908 535 cancellarium,
919 478 964 527 cui
974 491 1075 527 nomen
1084 479 1223 538 imposne·

167 568 233 612 runt
245 562 423 625 Alexander.)

212 686 301 765 Quia
316 687 404 750 sedis
421 687 622 770 apostolicae
639 686 785 750 turbatio
803 685 1071 749 Christianorum
1093 687 1220 750 animos

165 791 347 855 admodum
370 791 543 866 sauciavit,
565 812 636 865 nos,
661 791 720 874 qui
743 790 786 853 ad
808 790 987 854 resecanda
1010 792 1164 855 scismata
1187 799 1222 854 et

166 917 282 980 pacem
308 895 487 959 aecclesiae
515 893 761 957 reformandam
787 893 910 978 Papiae
937 894 1064 958 fuimus
1087 916 1221 980 congre·

166 1001 248 1086 gati,
265 999 464 1083 qualitatem
480 1019 598 1061 causae
617 997 819 1082 modumque
836 999 965 1084 negotii
985 1008 1020 1062 et
1037 999 1123 1062 sacri
1146 1021 1221 1062 con-

166 1105 235 1168 cilii
246 1103 529 1187 dispensationem
540 1103 751 1166 universitati
761 1109 892 1166 vestrae
903 1103 1050 1186 plenarie
1062 1102 1219 1167 duximus

166 1207 400 1282 intimandum,
412 1208 581 1291 quatinuS,
592 1229 651 1290 per
662 1207 785 1290 scripta
798 1207 965 1290 presentia
977 1229 1067 1270 mera
1077 1208 1219 1271 veritate

167 1319 360 1386 monstrata,
377 1311 569 1374 auditorum
585 1310 687 1373 animi
704 1309 895 1386 salsitatem,
913 1332 1015 1395 quam
1035 1311 1122 1374 forte
1146 1333 1221 1374 con·

166 1424 333 1500 ceperant,
350 1415 566 1479 vehementer
583 1415 757 1498 expellant
780 1424 814 1478 ct
837 1415 991 1478 ammodo
1014 1437 1074 1499 per
1096 1416 1220 1500 scripta

165 1521 353 1583 scismatica
368 1541 436 1583 non
459 1519 673 1583 seducantur.
720 1517 807 1581 Cum
830 1520 935 1603 igitur
957 1519 1220 1582 orthodoxorum

167 1624 290 1709 Papiae
322 1632 601 1710 congregatorum
632 1623 831 1686 universitas
862 1624 897 1685 in
924 1624 1056 1686 nomine
1082 1623 1220 1686 Domini

166 1728 379 1803 consedisset,
407 1750 506 1792 causa
531 1751 590 1812 per
618 1727 636 1791 7
665 1727 735 1790 dies
762 1728 940 1791 continuos
972 1728 1062 1790 omni
1092 1734 1220 1791 remoto

166 1833 309 1896 seculari
325 1832 460 1917 judicio,
477 1833 642 1918 legittime
660 1838 694 1895 et
710 1832 866 1895 carronice
883 1833 1010 1917 agitata
1026 1852 1062 1894 ae
1082 1830 1221 1917 diligen-

167 1933 220 2000 ter
236 1937 398 2020 inspecta,
415 1935 620 1999 sufficianter
642 1943 677 1999 et
699 1936 857 1998 canonice
882 1937 918 1997 in
941 1943 1123 2019 conspectu
1147 1956 1222 1998 con-

167 2041 236 2103 cilii
249 2062 307 2123 per
318 2047 421 2104 testes
431 2040 568 2104 idoneos
578 2047 630 2104 est
642 2039 892 2123 comprobatum
904 2063 911 2101 ε
929 2038 1089 2102 domnum
1100 2060 1220 2124 papam

168 2143 341 2208 Victorem
372 2151 406 2208 et
436 2145 569 2206 nullum
600 2145 704 2206 alium
734 2144 769 2205 in
799 2143 936 2207 basilica
962 2143 1053 2207 beati
1081 2142 1175 2207 Petri
1202 2164 1221 2206 a

166 2249 290 2311 saniori
311 2256 404 2333 parte
428 2247 648 2311 cardinalium
672 2248 832 2332 petitione
858 2248 974 2332 populi
998 2255 1033 2312 et
1055 2269 1221 2311 consensu

167 2373 205 2416 ac
222 2352 386 2416 desiderio
403 2352 483 2416 cleri
499 2351 601 2415 fuisse
618 2353 764 2415 electum
785 2359 820 2414 et
843 2352 1073 2435 sollempniter
1097 2353 1222 2415 inman-

168 2464 287 2532 tatum,
315 2455 416 2540 quod,
442 2464 596 2539 presente
624 2463 659 2519 et
685 2477 753 2518 non
784 2455 1034 2519 contradicente
1067 2449 1221 2519 Rolando

168 2560 337 2644 quondam
353 2560 564 2635 cancellario,
581 2561 617 2622 in
632 2559 797 2623 kathedra
815 2559 902 2623 beati
920 2559 1013 2623 Petri
1032 2559 1135 2624 inerit
1158 2561 1222 2623 col·

168 2665 308 2738 locatus,
325 2671 359 2728 et
382 2663 473 2747 quod
496 2664 542 2726 ibi
565 2665 596 2728 ei
620 2685 639 2726 a
662 2663 888 2727 cardinalibus
913 2672 946 2727 et
965 2664 1054 2727 clero
1072 2665 1221 2727 Romano

169 2769 238 2832 ‘Te
263 2769 374 2831 Deum
397 2767 591 2831 laudamus'
612 2769 754 2855 gloriose
780 2767 1004 2843 decantatum,
1022 2775 1057 2831 et
1079 2767 1156 2832 inde
1179 2767 1222 2831 ad

168 2873 331 2956 palatium
359 2893 435 2935 cum
461 2872 578 2936 bandis
606 2881 640 2937 et
667 2873 740 2935 aliis
763 2872 937 2957 papalibus
961 2872 1148 2958 insignibus
1172 2880 1223 2935 est

168 2977 344 3052 deductus,
357 2983 392 3040 et
408 2978 516 3040 clerus
529 2985 564 3041 et
578 2978 723 3061 populus
740 2976 927 3041 secundum
943 2957 1222 3040 consuetudinem

167 3082 395 3167 interrogatus
418 3104 477 3166 per
498 3083 718 3156 scriniarium,
735 3083 763 3144 si
787 3083 942 3164 placeret,
964 3080 1070 3143 tribus
1094 3079 1222 3144 vicibus

169 3186 257 3248 clara
284 3208 364 3250 voce
392 3186 582 3270 respondit:
611 3184 767 3249 ‘Placet’
826 3185 1009 3249 Probatum
1037 3192 1088 3248 est
1111 3185 1222 3257 etiam,

171 3290 263 3373 quod
279 3291 452 3354 Rolandus
469 3290 511 3352 12
528 3290 581 3354 die
597 3298 673 3374 post
689 3289 802 3353 domni
819 3289 968 3353 Victoris
980 3289 1222 3373 promotionem
1302 3287 1306 3293 ’

168 3395 210 3458 ab
221 3395 310 3458 Urbe
324 3416 487 3479 egressus,
499 3394 589 3478 apud
606 3394 802 3468 Cisternam,
815 3395 849 3455 in
863 3415 929 3476 qua
941 3393 1030 3457 Nem
1043 3394 1223 3476 imperator

168 3499 337 3583 quondam
369 3499 409 3561 ab
440 3498 529 3562 Urbe
565 3497 728 3583 profugus
762 3498 918 3572 latitavit,
950 3498 1056 3580 primo
1093 3504 1145 3559 est
1177 3496 1224 3558 in·

168 3609 347 3665 mantatus.
395 3601 580 3665 Probatum
611 3609 671 3676 est,
704 3600 795 3684 quod
826 3601 860 3662 in
892 3600 1038 3665 secundo
1065 3599 1117 3663 die
1148 3607 1224 3684 post

167 3708 411 3790 promotionem
437 3705 551 3768 domni
575 3704 723 3768 Victoris
747 3703 930 3780 Rolandus,
954 3705 1182 3790 interrogatus
1205 3726 1224 3767 a
