2768 4268
162 331 204 395 12
384 351 517 398 SELECT
539 350 746 397 MEDIAEVAL
771 349 1000 397 DOOUMBNTS.

163 517 316 582 Adriano
339 540 443 604 papae
460 519 523 583 sub
546 519 680 583 terrible
697 525 903 582 sacramento
922 539 993 581 sese
1016 519 1126 582 omnia
1146 541 1223 582 con·

163 631 352 686 servaturos
377 624 435 706 qui
452 625 487 685 in
503 623 619 687 eadem
643 623 823 686 donatione
844 622 1061 686 continentur
1085 624 1222 706 promit-

163 734 272 790 tentes
304 726 526 790 tradiderunt.
579 728 747 811 Apparem
779 749 858 791 vero
892 727 996 810 ipsius
1028 725 1218 790 donationis

163 830 306 893 eundem
331 831 509 894 Etherium
525 831 666 895 adscribi
691 831 816 895 iaciens
836 832 905 914 ipse
922 830 1216 893 christianissimus

164 933 371 997 Francorum
394 957 463 1009 rex,
481 936 572 999 intus
597 957 698 1019 super
720 957 839 1020 corpus
864 935 952 999 beati
977 933 1080 1010 Petri,
1097 935 1218 999 subtus

163 1039 338 1122 evangelia
352 1060 436 1122 quae
450 1039 572 1103 ibidem
589 1040 793 1116 osculantur,
806 1062 865 1124 pro
881 1040 1068 1103 firmissima
1084 1043 1217 1105 cautela

163 1150 198 1206 et
226 1151 360 1206 aeterna
388 1144 531 1206 nominis
558 1145 610 1206 sui
637 1165 675 1207 ac
702 1145 796 1229 regni
827 1144 1032 1208 Francorum
1060 1149 1217 1210 memoria

163 1247 304 1330 propriis
315 1247 384 1309 suis
395 1246 547 1310 manibus
558 1248 679 1330 posuit.
711 1248 858 1331 Aliaque
870 1248 1018 1332 ejusdem
1029 1249 1220 1313 donationis

164 1351 317 1434 exempla
340 1371 399 1434 per
422 1350 582 1414 scrinium
605 1351 705 1414 huius
731 1360 866 1415 sanctae
891 1361 1021 1416 nostrae
1049 1336 1219 1418 Romanae

164 1454 323 1518 ecclesiae
340 1454 541 1539 adscriptam
558 1455 629 1519 eius
646 1456 848 1520 excellentia
863 1477 977 1520 secum
993 1456 1191 1542 deportavit.

626 1702 762 1728 -οοο-

283 1904 357 1965 THE
381 1904 614 1966 concnnrmr
638 1905 681 1966 OF
706 1905 981 1968 OHARLEMAGNE
1007 1907 1100 1972 (800).

378 2050 526 2108 [Muratori;
541 2051 598 2096 His.
610 2051 668 2096 Rer.
681 2052 738 2096 Ital.
751 2052 803 2097 vit,
815 2053 939 2097 Hadriani
952 2051 1006 2109 lv]

208 2192 291 2257 Post
316 2194 397 2256 haec
421 2192 621 2257 adveniente
647 2193 699 2256 die
721 2194 824 2256 natali
837 2194 982 2279 ¹Domini
1005 2196 1112 2257 nostri
1136 2195 1217 2258 iesu

165 2297 301 2373 Christi,
316 2298 350 2358 in
367 2296 535 2381 jamdicta
549 2297 694 2360 Basilica
711 2297 807 2361 Beati
824 2297 917 2360 Petri
930 2298 1087 2381 Apostoli
1104 2319 1220 2362 omnes

164 2403 286 2465 iterum
300 2401 495 2486 congregati
511 2408 591 2463 sunt
603 2409 638 2464 ct
650 2409 732 2464 tunc
746 2401 944 2465 venerabilis
957 2401 1120 2464 almificus
1134 2401 1219 2465 Pon·
1286 2393 1291 2400 ”

164 2505 248 2568 tifex
265 2505 418 2568 manibus
430 2505 499 2568 suis
512 2506 653 2589 propriis
666 2505 905 2589 pretiosissima
915 2527 1035 2568 corona
1046 2507 1221 2570 coronavit

164 2630 252 2672 eum.
292 2609 388 2672 Tunc
406 2609 553 2672 universi
570 2608 684 2672 fideles
701 2609 842 2671 Romani
854 2608 1008 2673 videntes
1021 2618 1150 2673 tantam
1167 2609 1221 2674 de·

74 2768 76 2770 .
164 2714 360 2788 sensionem,
374 2722 408 2777 et
419 2712 645 2786 dilectionem,
660 2735 760 2797 quam
773 2733 851 2798 erga
865 2711 1021 2777 Sanctam
1034 2713 1218 2777 Romanam

164 2817 360 2892 Ecclesiam,
384 2817 512 2901 atejus
537 2817 711 2880 Vicarimn
734 2817 862 2893 habuit,
887 2818 1054 2881 unanriter
1076 2819 1221 2882 altisona

164 2943 244 2986 voce
256 2921 321 2985 Dei
332 2928 417 2984 nutu
428 2913 528 3006 atque
540 2921 636 2986 Beati
648 2922 741 2987 Petri
753 2922 923 3009 Clavigeri
933 2925 1028 3009 regni
1040 2922 1229 2986 Coelorum·

164 3026 453 3090 exclamaverunt:
480 3026 598 3091 Oarolo
609 3028 758 3112 piissimo
769 3028 1041 3113 AugustoaDeo
1052 3036 1220 3102 coronato,

164 3151 295 3215 magno,
326 3130 463 3215 pacifico
502 3131 710 3217 Imperatori,
742 3133 813 3196 vita
849 3142 883 3197 et
918 3134 1069 3197 victoria.
1127 3133 1219 3193 Ante

163 3255 290 3298 sacram
303 3234 545 3300 confessionem
559 3235 657 3300 Beati
674 3236 767 3301 Petri
780 3238 938 3320 Apostoli
954 3238 1066 3320 plures
1080 3235 1221 3298 Sanctos

164 3340 370 3415 invocantes,
387 3347 453 3404 tres
481 3339 610 3403 dictum
633 3348 694 3416 est,
711 3349 746 3404 et
772 3340 813 3403 ab
838 3340 990 3403 omnibus
1014 3340 1218 3402 constitutus

165 3450 216 3508 est
228 3444 413 3529 Imperator
425 3444 662 3507 Romanorum.
701 3444 798 3507 lllico
815 3442 1051 3506 Sanctissimus
1064 3443 1219 3505 Antistes

165 3555 200 3611 et
223 3547 384 3610 Pontifex
400 3549 501 3610 unxit
525 3545 610 3610 Oleo
635 3545 757 3610 Sancto
776 3546 935 3609 Carolum
952 3554 986 3609 et
1002 3546 1223 3610 Excellentis-

164 3653 286 3715 simum
313 3652 420 3715 filium
445 3652 517 3736 ejus
542 3651 667 3736 Regem
697 3651 731 3712 in
757 3652 828 3734 ipso
854 3650 906 3714 die
934 3652 1055 3713 natalis
1083 3651 1220 3712 Domini

165 3756 270 3818 nostri
294 3756 315 3818 J
318 3777 378 3819 esu
394 3754 530 3830 Christi,
548 3762 583 3818 et
598 3755 697 3818 missa
720 3762 856 3838 peracta
872 3761 949 3838 post
964 3755 1220 3818 celebrationem
