2768 4268
396 319 471 365 run
495 317 796 364 nonnusrnorsu
818 316 962 365 Psoron.
1146 300 1210 365 12?

152 488 359 573 multiplices
376 507 562 571 pauperum
578 487 789 570 popularium
814 492 849 549 et
872 485 1033 549 nobilium
1055 486 1211 570 patrimo

154 592 201 654 nii
229 591 377 656 Ecclesia
401 591 620 654 clamantium
647 598 764 653 eontra
790 591 910 674 ipsum,
938 612 1022 674 quas
1049 591 1084 652 in
1112 611 1208 654 aures

156 696 295 786 Domini⁸
309 694 453 759 Sabaoth
467 694 632 758 credimus
648 695 801 757 introisse
813 718 821 768 3
841 702 876 758 et
888 695 1041 777 quamvis
1059 695 1209 758 Romana

155 800 305 863 Ecclesia
321 799 433 862 doleat
449 799 556 862 filium
572 805 666 862 tanta
682 797 861 862 educatum
878 797 1054 883 diligentia
1071 806 1105 861 et
1121 819 1213 883 mag-

155 903 325 967 nificentia
348 903 508 975 erastum,
526 924 615 966 nunc
639 904 685 966 sic
710 903 823 966 viliter
845 903 916 966 sine
941 909 1044 966 marte
1068 903 1207 977 victum,

155 1006 278 1090 absque
311 995 405 1070 hoste
433 1014 647 1091 prostratum,
672 1007 707 1069 in
739 1013 831 1070 tante
855 1006 1061 1070 confusionis
1093 1029 1209 1090 oppro-

154 1110 264 1174 brium
294 1119 361 1174 tam
394 1112 612 1197 ignominiose
645 1110 823 1196 dejectum,
854 1132 921 1174 non
954 1112 1064 1174 minus
1102 1112 1209 1197 gemit

154 1216 389 1279 exterminium
414 1216 581 1280 exereitus
609 1215 783 1279 christiani
811 1216 869 1299 qui
897 1237 966 1278 non
996 1216 1209 1278 inimicorum

154 1319 274 1404 gladiis
291 1320 346 1384 vel
362 1321 488 1384 virtute
505 1319 638 1395 defecit,
655 1319 715 1383 sed
733 1319 923 1383 calamitate
943 1326 1013 1382 tam
1030 1318 1208 1382 miserabili

154 1433 205 1488 est
221 1432 446 1508 consumptus.
496 1423 612 1487 Gemit
627 1424 729 1487 etiam
746 1423 838 1506 quod
857 1445 932 1506 pars
956 1422 1088 1487 residua
1110 1422 1211 1486 bella-

154 1534 266 1591 torum
282 1529 435 1612 exposita
451 1529 550 1590 maris
565 1528 723 1612 periculis
741 1535 775 1590 et
789 1525 949 1591 fiuctibus
971 1535 1208 1611 tempestatum

155 1631 278 1714 absque
296 1631 392 1706 (luce,
409 1638 602 1714 preceptore
619 1631 674 1694 vel
696 1631 847 1715 principe
872 1630 1008 1693 ducitur
1028 1653 1095 1715 quo
1118 1632 1210 1716 igno-

155 1744 216 1807 rat,
230 1734 398 1798 modicum
414 1733 591 1817 profutura
607 1742 693 1797 terre
710 1743 824 1798 sancte
838 1734 1061 1808 utilitatibus3
1086 1734 1210 1818 quibus

156 1838 267 1902 debite
285 1838 520 1901 consolationis
543 1839 703 1902 solatium
718 1847 753 1903 et
769 1847 954 1922 opportune
978 1838 1209 1902 subventionis

156 1943 331 2016 auxilium,
356 1941 617 2027 impedientibus
644 1943 711 2027 jam
733 1943 831 2006 maris
856 1941 1030 2007 frementis
1055 1943 1209 2027 procellis

157 2046 382 2130 temporisque
400 2047 565 2131 angustia,
583 2047 680 2131 juxta
696 2055 813 2110 votum
829 2068 897 2114 non
916 2069 1093 2131 possumus
1117 2048 1212 2110 mini-

156 2159 271 2214 strare.
327 2150 466 2236 Plangit
493 2152 642 2234 insuper
657 2150 826 2215 excidium
852 2158 939 2215 terre
966 2159 1080 2215 sancte
1108 2173 1209 2235 quam

157 2277 246 2318 nunc
272 2255 353 2339 eripi
380 2254 420 2319 de
447 2277 653 2341 paganorum
678 2255 830 2318 manibus
860 2255 1083 2340 sperabamus,
1110 2277 1210 2339 quam

157 2360 246 2434 olim,
278 2367 317 2422 ut
349 2360 517 2433 assalitum
550 2368 778 2444 recuperasset
809 2361 977 2424 exercitus
1008 2359 1213 2423 christianus

157 2486 216 2547 per
246 2462 476 2527 concambium
507 2463 672 2538 Damiate‚
704 2465 769 2527 nisi
806 2465 836 2528 ei
873 2464 977 2527 semel
1015 2471 1050 2527 et
1087 2465 1211 2527 iterum

157 2567 383 2650 imperialibus
414 2567 535 2630 fuisset
564 2568 686 2631 litteris
720 2567 949 2631 interdictum.
1011 2566 1080 2645 Qui
1110 2568 1211 2631 etiam

158 2692 224 2732 non
248 2670 368 2734 fuisset
388 2671 565 2733 conclusus
589 2672 622 2733 in
648 2671 800 2735 manibus
824 2693 1030 2756 paganorum
1054 2672 1082 2734 si
1105 2672 1212 2757 galea·

157 2795 232 2836 rum
266 2774 474 2856 imperatoris
502 2774 688 2837 subsidium
716 2781 797 2838 tunc
825 2774 953 2850 fuisset,
982 2782 1022 2838 ut
1047 2797 1089 2838 ex
1117 2784 1210 2858 parte

157 2899 217 2940 sua
248 2877 446 2960 promissum
477 2879 637 2941 extiterat
667 2886 701 2942 et
731 2877 801 2941 fieri
832 2879 952 2962 potuit,
976 2878 1210 2953 subsecutum3

159 3003 219 3044 nec
240 2981 396 3043 Damiata
420 2980 550 3064 perdita
574 3003 650 3064 que,
667 2991 706 3045 ut
729 2983 897 3056 asseritur,
914 3004 974 3045 suo
991 2982 1114 3050 tradita
1130 3004 1213 3044 nun-

158 3086 205 3147 tio
222 3093 255 3148 et
271 3085 393 3168 aquilis
410 3084 635 3169 imperialibus
651 3086 821 3170 insignita,
835 3086 949 3149 eadem
964 3085 1016 3149 die
1029 3086 1212 3150 crudeliter

158 3190 325 3272 expoliata
348 3197 382 3252 et
405 3211 463 3273 per
478 3210 555 3252 suos
575 3189 716 3263 deserta,
735 3190 847 3253 viliter
870 3197 905 3253 et
928 3190 1135 3275 ignominose
1152 3212 1212 3273 per

158 3293 246 3376 ipsos
262 3291 329 3356 fuit
345 3293 535 3356 infidelibus
552 3295 718 3357 restituta.
767 3295 923 3357 Recurrit
939 3295 1038 3357 etiam
1063 3293 1105 3356 ad
1129 3293 1212 3357 redi·

158 3399 236 3461 viva
251 3398 392 3480 suspira,
409 3406 443 3461 et
459 3398 670 3460 amissionem
686 3399 903 3481 prescriptam
927 3400 1075 3463 recolens
1100 3398 1213 3462 Dami-

159 3510 222 3571 ate,
247 3510 298 3564 tot
324 3501 477 3564 laborum
500 3502 682 3584 angustias,
707 3510 759 3566 tot
782 3523 1001 3586 expensarum
1027 3502 1210 3586 dispendia,

159 3613 211 3668 tot
234 3613 357 3669 mortes
380 3604 540 3677 fidelium,
558 3613 609 3669 tot
628 3627 788 3670 excursus
812 3615 998 3690 temporum
1024 3629 1090 3690 que
1114 3607 1213 3670 inuti-

159 3709 237 3772 liter
264 3707 470 3772 effluxerunt
495 3708 640 3773 subortis
666 3710 821 3795 lacrymis
849 3708 970 3774 deflere
999 3732 1065 3774 non
1094 3717 1213 3785 cessat,
