2768 4268
209 337 251 400 82
429 352 560 400 snuuor
583 352 788 399 irnmAEvAL
815 353 1045 400 nocunnurs.

209 523 291 584 tiam
303 528 396 584 tuam
408 527 563 606 rogantes
576 522 749 596 attentius,
760 523 922 605 quatinus
935 544 990 586 eos
1003 528 1073 585 tam
1085 521 1267 588 honorifice

210 646 311 709 quam
329 623 472 709 benigne
495 626 645 709 recipias,
661 625 800 690 honeste
824 634 956 701 tractes,
973 632 1008 689 et
1031 647 1070 689 ea
1093 648 1177 711 quae
1200 628 1267 711 ipsi

209 751 309 812 super
324 728 388 792 hoc
404 735 439 791 et
454 749 554 812 super
570 730 643 792 aliis
660 729 703 792 ad
718 730 880 793 honorem
897 729 961 793 Dei
977 736 1012 793 et
1035 739 1266 795 sacrosanctae

212 834 380 898 Romanae
407 834 595 909 aecclesiae,
623 833 666 896 ad
692 834 794 897 decus
825 835 927 897 etiam
958 842 992 897 et
1023 835 1266 898 exaltationem

210 940 340 1023 imperii
367 940 569 1022 pertinentia
596 960 638 1002 ex
666 946 759 1022 parte
786 946 899 1002 nostra
930 939 1161 1022 imperatoriae
1192 962 1267 1025 pro·

210 1044 383 1127 posuerint
398 1042 566 1129 dignitati,
582 1044 671 1106 sicut
685 1043 793 1107 abore
810 1051 923 1107 nostro
935 1043 1125 1128 procedant,
1139 1043 1266 1128 absque

210 1149 281 1211 ulla
296 1147 493 1211 hesitatione
510 1148 670 1230 suscipias
686 1153 720 1210 et
742 1149 891 1231 ipsorum
908 1148 1026 1223 verbis,
1040 1156 1213 1232 tamquam
1235 1150 1266 1212 si

211 1271 249 1315 ea
265 1251 477 1335 contingeret
492 1271 552 1314 nos
569 1250 727 1335 proferre,
745 1249 846 1314 fidem
861 1272 930 1313 non
947 1251 1079 1316 dubites
1092 1243 1266 1316 adhibere.

436 1438 478 1518 b)
504 1435 750 1498 Proclcmctioa
767 1437 805 1516 of
821 1436 1044 1500 Fredericch.

255 1566 306 1629 11.
339 1566 425 1630 Cum
453 1564 566 1629 divina
594 1567 755 1649 potentia,
780 1587 798 1627 a
826 1587 893 1650 qua
920 1568 1026 1630 omnis
1053 1573 1201 1651 potestas
1227 1568 1264 1630 in

210 1672 302 1735 caelo
319 1671 403 1734 etin
419 1678 507 1733 terra
523 1669 627 1744 nobis,
644 1669 768 1732 christo
783 1671 866 1754 ejus
879 1692 1021 1754 regnum
1037 1678 1072 1734 et
1087 1672 1264 1754 imperium

210 1774 394 1860 regendum
409 1775 620 1848 commiserit,
638 1782 672 1837 et
687 1795 805 1858 pacem
828 1775 1065 1837 aecclesiarum
1088 1775 1267 1858 imperiali-

209 1879 271 1942 bus
287 1880 386 1942 armis
410 1876 676 1942 conservandum
699 1878 913 1952 ordinaverit,
930 1900 998 1940 non
1021 1879 1093 1941 sine
1117 1880 1266 1942 maximo

210 1983 323 2047 dolore
340 1981 448 2046 cordis
464 1983 623 2066 conqueri
644 1983 794 2066 cogimur
817 1981 990 2045 dilectioni
1014 1991 1156 2059 vestrae,
1173 1983 1265 2066 quod

210 2110 229 2151 a
246 2089 353 2172 capite
369 2093 503 2150 sanctae
522 2086 712 2162 aecclesiae,
729 2087 784 2149 cui
808 2085 964 2150 Christus
988 2087 1079 2170 pacis
1103 2108 1141 2150 ac
1165 2085 1267 2150 dilec-

209 2193 310 2256 tionis
341 2213 420 2254 suae
448 2197 648 2253 caracterem
675 2191 852 2273 impressit,
881 2212 979 2254 cause
1007 2190 1264 2267 dissensionum,

209 2297 423 2360 seminarium
447 2296 619 2368 malorum,
640 2293 794 2377 pestiferi
817 2294 922 2357 morbi
938 2317 1107 2358 venenum
1130 2317 1264 2358 manare

210 2400 386 2474 virlentur3
418 2399 458 2462 de
486 2398 618 2483 quibus,
642 2399 706 2462 nisi
731 2398 824 2462 Deus
847 2407 985 2473 avertat,
1009 2406 1119 2463 toturn
1143 2420 1264 2483 corpus

210 2505 387 2569 aecclesiae
413 2503 656 2577 commaculari,
681 2504 846 2565 unitatem
870 2503 987 2578 scindi,
1011 2504 1265 2588 interregnum

153 2658 161 2671 .
210 2617 245 2673 et
267 2607 490 2673 sacerdotium
513 2609 632 2671 scisma
655 2607 726 2670 fieri
749 2608 1024 2690 pertimescimus.
1073 2606 1159 2670 Cum
1175 2609 1264 2671 enirn

209 2736 315 2797 nuper
330 2714 365 2774 in
383 2713 475 2775 curia
491 2712 642 2775 Bisuncii
658 2733 804 2775 essemus
821 2719 856 2775 et
872 2710 912 2774 de
928 2712 1053 2775 honore
1077 2712 1206 2795 imperii
1229 2719 1266 2775 et

209 2819 317 2881 salute
354 2817 589 2880 aecclesiarum
628 2815 738 2879 debita
774 2815 1001 2879 sollicitudine
1034 2823 1263 2892 tractaremus

210 2928 376 2986 venerunt
405 2921 510 3006 legati
540 2920 725 3003 apostolici,
757 2927 951 2994 asserentes,
979 2941 1013 2983 se
1044 2921 1147 2984 talem
1177 2920 1266 3005 lega·

210 3029 336 3090 tionem
368 3033 501 3087 nostrae
529 3023 648 3087 afferre
679 3024 854 3107 majestati,
879 3023 968 3087 unde
1000 3024 1107 3086 honor
1133 3024 1263 3107 imperii

210 3153 277 3193 non
292 3150 433 3214 parvum
450 3130 598 3212 accipere
616 3127 753 3191 deberet
767 3129 1021 3190 incrementum.
1069 3127 1172 3206 Quos,
1186 3149 1263 3191 cum

209 3236 316 3320 prima
333 3234 384 3296 die
402 3233 568 3297 adventus
580 3232 759 3295 honorifice
773 3233 1044 3315 suscepissemus
1058 3239 1092 3295 ct
1104 3230 1264 3306 secunda,

209 3347 249 3403 ut
264 3361 334 3402 mos
351 3346 410 3412 est,
428 3337 471 3400 ad
486 3337 687 3399 audiendam
709 3337 914 3421 legationem
938 3358 1053 3399 eorum
1076 3358 1153 3399 cum
1175 3336 1265 3420 prin·

209 3444 338 3528 cipibus
361 3443 483 3505 nostris
506 3440 780 3515 consedissemus,
798 3441 870 3523 ipsi,
890 3442 986 3523 quasi
1010 3439 1050 3503 de
1075 3461 1266 3503 mammona

208 3548 397 3632 iniquitatis
414 3545 531 3621 inflati,
549 3544 589 3608 de
606 3544 785 3608 altitudine
804 3545 988 3627 superbiae,
1006 3545 1046 3607 de
1064 3544 1156 3607 fastu
1178 3565 1264 3607 arro

208 3654 353 3737 gantiae,
372 3650 411 3714 de
429 3650 607 3713 execrabili
624 3648 745 3711 tumidi
762 3648 869 3711 cordis
890 3649 1042 3724 elatione,
1059 3644 1263 3734 legationem

208 3755 398 3841 apostolicis
431 3754 553 3816 litteris
591 3754 813 3835 conscriptam
845 3752 939 3815 nobis
970 3757 1262 3836 presentaverunt,
