2768 4268
294 359 430 406 161666
453 359 498 404 or
521 358 596 403 11111
619 354 861 402 6666666166
885 351 1087 399 6111666116.
1175 335 1216 397 63

162 538 238 614 post
254 550 313 592 nos
338 529 373 590 in
393 526 574 611 apostolica
593 524 671 588 sede
691 523 921 597 successerint,
939 529 983 595 te,
1000 529 1059 584 aut
1074 541 1217 606 regnum

162 656 262 718 super
289 633 350 696 hoc
383 631 590 714 inquiaetare
616 628 763 714 negotio.
819 625 933 700 Pone,
959 624 1115 688 ecclesias
1140 646 1216 687 cum

163 736 387 802 oblationibus
413 743 448 799 61
475 733 683 797 hereditariis
709 728 982 815 possessionibus,
1000 750 1064 812 que
1086 727 1129 792 ad
1148 750 1218 813 reg-

163 865 245 906 num
261 840 437 905 manifeste
455 860 522 902 666
537 835 759 922 pertinebant,
776 833 895 897 liberas
920 853 1051 896 manere
1072 831 1219 895 decerni·

164 970 248 1022 mus,
264 947 352 1010 sicut
373 946 408 1007 in
426 943 479 1007 dic
498 941 721 1007 coronationis
746 948 824 1002 tuae
848 939 883 1000 in
907 943 1089 1021 conspectu
1111 937 1217 1000 totius

163 1052 320 1115 ecclesiae
336 1051 527 1134 promisisti.
577 1046 719 1131 Oportet
732 1046 822 1109 66161
837 1045 1009 1128 episcopos
1025 1042 1112 1105 cun's
1128 1061 1218 1104 secu-

163 1156 288 1219 laribus
310 1155 493 1239 expeditos
511 1175 625 1217 curam
649 1173 787 1216 suorum
810 1172 907 1237 agere
931 1149 1141 1232 populorum,
1158 1169 1217 1211 nec

163 1260 311 1323 ecclesiis
328 1260 397 1322 suis
415 1259 526 1322 abesse
541 1257 678 1320 diutius.
711 1256 779 1339 Ipsi
795 1256 884 1318 enim
899 1254 1013 1338 juxsta
1028 1252 1218 1335 apostolum

165 1363 310 1427 Paulum
336 1363 549 1448 pervigilant,
576 1369 748 1444 tamquam
772 1359 936 1423 rationem
960 1377 1021 1440 pro
1045 1355 1218 1419 animabus

164 1489 300 1532 aeorum
316 1466 499 1551 redditury.

219 1714 260 1794 b)
291 1709 354 1773 Pte
370 1709 538 1791 Privileye
555 1709 593 1789 of
603 1708 706 1794 April
723 1707 774 1784 12,
792 1705 887 1770 1111.
922 1705 1159 1807 (Privilepiura

486 1813 643 1875 secundae
661 1812 904 1893 conventionis.)

545 1963 590 2024 [6.
603 1965 633 2012 c.
646 1965 686 2019 11..
699 1965 747 2010 m.
760 1963 852 2024 1111]

210 2093 248 2156 P.
287 2093 472 2178 episcopus,
503 2113 619 2156 servus
657 2112 830 2155 servorum
868 2090 943 2167 Dei,
975 2090 1149 2155 karissimo
1181 2091 1217 2153 in

166 2197 301 2262 Christo
318 2197 387 2260 fflio
408 2196 451 2259 H.
468 2196 613 2283 glorioso
638 2195 900 2260 Teutonicorum
924 2195 1006 2280 regi,
1025 2203 1060 2259 et
1075 2217 1134 2278 per
1152 2194 1218 2258 Dei

164 2301 402 2386 omnipotentis
429 2301 572 2387 gratiam
596 2299 823 2364 Romanorum
847 2299 1039 2383 imperatori
1063 2307 1218 2385 augusto,

163 2407 308 2470 salutem
335 2413 370 2470 61
396 2405 614 2489 apostolicam
641 2403 916 2470 benedictionem.
972 2406 1127 2491 Regnum
1150 2426 1220 2469 ves·

164 2519 254 2574 trum
277 2517 411 2573 sanctae
436 2509 603 2573 Romanae
627 2508 785 2572 ecclesiae
810 2510 1028 2595 singulariter
1051 2509 1218 2584 coherere,

164 2613 338 2699 dispositio
354 2612 470 2677 divina
486 2612 673 2677 constituit.
720 2612 975 2678 Predecessores
991 2614 1093 2678 166111
1114 2613 1220 2698 probi·

164 2720 243 2782 tatis
256 2725 291 2782 et
302 2717 478 2802 prudentie
492 2717 664 2801 amplioris
677 2719 786 2803 gratia
799 2718 947 2782 Romane
961 2717 1051 2782 urbis
1063 2739 1216 2782 coronam

164 2831 199 2886 et
213 2823 389 2906 imperium
406 2822 577 2885 consecuti
594 2830 684 2886 6661.
724 2822 781 2886 Ad
797 2824 892 2908 cujus
909 2821 1068 2887 videlicet
1079 2844 1218 2887 coronae

165 2935 199 2991 61
215 2926 343 3010 imperii
360 2925 570 3011 dignitatem,
590 2933 683 2988 tuam
700 2948 833 3011 quoque
849 2948 1024 3011 personam
1048 2927 1094 2989 fili
1118 2925 1220 2989 karis-

163 3032 256 3105 sime,
289 3029 334 3091 H.
364 3051 424 3113 per
453 3030 559 3092 nostri
595 3029 772 3094 sacerdotii
811 3032 1032 3096 ministerium
1063 3033 1218 3116 majestas

164 3134 279 3198 divina
306 3134 472 3217 provexit.
520 3134 619 3197 Illam
644 3135 749 3219 igitur
772 3134 947 3220 dignitatis
970 3137 1217 3221 prerogitivam,

165 3259 267 3321 quam
285 3236 532 3321 predecessores
557 3239 661 3302 nostri
684 3238 971 3322 predecessoribus
995 3242 1062 3304 tuis
1086 3241 1220 3304 catholi-

164 3342 211 3404 cis
236 3341 488 3425 imperatoribus
506 3351 752 3416 concesserunt,
769 3350 804 3406 61
821 3345 1072 3430 privilegiorum
1089 3345 1219 3428 paginis

164 3445 459 3520 confirmaverunt,
476 3466 536 3508 nos
552 3467 687 3529 quoque
705 3446 878 3511 dilectioni
894 3456 972 3511 tuae
995 3448 1218 3521 concedimus,

164 3557 200 3612 61
215 3550 379 3633 presentis
395 3548 566 3635 privilegii
583 3551 704 3634 pagina
728 3551 969 3626 confirmamus,
987 3561 1026 3615 61
1048 3553 1144 3636 regni
1167 3553 1219 3616 tui

164 3653 329 3737 episcopis
353 3653 408 3716 vel
432 3652 605 3716 abbatibus
629 3653 731 3718 libere
755 3662 865 3738 preter
887 3657 1083 3740 symoniam,
1100 3663 1134 3719 et
1152 3656 1220 3718 116-

164 3755 304 3821 lentiam
327 3756 454 3831 electis,
478 3756 713 3821 investituram
737 3758 850 3844 virgae
875 3767 909 3822 et
936 3760 1029 3822 anuli
1055 3758 1218 3823 conferas.
