2768 4268
397 373 471 418 run
495 371 795 418 nonnusrnurnu
809 371 963 418 aaaron.
1167 357 1208 420 83

154 564 299 627 quorum
315 550 412 607 tenor
426 542 503 604 talis
520 549 601 615 erat,
619 541 710 624 quod
726 562 784 624 pre
804 540 910 604 oculis
933 542 1054 605 mentis
1077 563 1207 626 semper

100 692 103 697 ·
154 646 350 710 deberemus
366 644 497 721 habere,
514 645 659 729 qualiter
677 644 820 708 domnus
843 665 929 729 papa
951 646 1083 731 insigne
1107 646 1209 730 impe-

154 750 244 814 rialis
261 770 401 813 coronae
422 749 516 812 nobis
540 748 732 825 contulerit,
750 770 860 832 neque
884 755 997 814 tamen
1020 751 1208 834 penitentia

154 861 353 930 moveretur,
370 854 398 916 si
414 854 538 937 majora
560 853 763 917 excellentia
785 861 899 916 nostra
921 853 962 916 ab
985 874 1024 917 eo
1047 853 1207 918 beneficia

154 959 363 1042 suscepisset.
410 956 504 1021 Haec
522 965 593 1021 erat
608 958 668 1020 illa
683 966 840 1041 paternae
860 955 1048 1020 dulcedinis
1072 959 1206 1043 legatio,

154 1084 239 1146 quae
264 1063 430 1126 unitatem
453 1062 630 1126 aecclesiae
659 1071 693 1127 et
724 1062 854 1146 imperii
877 1062 1055 1126 contovere
1080 1062 1206 1140 debuit,

154 1189 239 1251 quae
256 1168 393 1231 vinculo
408 1169 500 1252 pacis
516 1175 697 1251 utrumque
714 1166 872 1251 colligare
896 1165 1039 1242 studuit,
1055 1189 1141 1251 quae
1165 1167 1207 1231 ad

153 1273 329 1356 utriusque
346 1271 557 1337 concordiam
573 1280 608 1336 et
620 1271 843 1335 obedientiam
856 1272 984 1334 animos
996 1271 1207 1334 audientium

153 1377 281 1440 allexit.
328 1376 427 1440 Certe
444 1375 488 1439 ad
502 1397 619 1439 vocem
641 1376 733 1438 illam
758 1374 938 1439 nefandam
962 1383 996 1438 et
1019 1376 1109 1438 omni
1125 1377 1208 1440 veri-

153 1488 222 1544 tate
254 1502 395 1544 vacuam
426 1502 494 1543 non
524 1481 633 1543 solum
664 1479 843 1563 imperialis
875 1480 1029 1563 majestas
1060 1479 1206 1543 debitam

153 1583 419 1670 indignationem
457 1585 619 1668 concepit,
650 1605 769 1647 verum
802 1604 915 1647 onmes
950 1584 1116 1667 principes
1148 1586 1207 1668 qui

153 1689 293 1753 aderant
309 1697 404 1753 tanto
420 1688 533 1752 furore
552 1697 587 1752 et
602 1690 650 1750 ira
666 1696 747 1753 sunt
761 1689 891 1771 repleti,
910 1688 1001 1771 quod
1017 1689 1087 1752 sine
1104 1687 1206 1752 dubio

153 1793 229 1856 illos
245 1793 328 1856 duos
344 1794 478 1877 iniquos
495 1791 694 1877 presbiteros
711 1793 827 1855 mortis
844 1793 1012 1856 sententia
1034 1792 1208 1876 dampnas-

117 1898 120 1903 ’
153 1903 238 1971 sent,
255 1897 319 1959 nisi
335 1897 397 1960 hoc
415 1905 528 1960 nostra
544 1897 777 1979 intercepisset
791 1897 968 1980 presentia.
1008 1895 1111 1959 Porro
1127 1897 1206 1980 quia

154 2001 261 2064 multa
277 2003 369 2084 paria
385 1995 574 2065 litterarum
590 1998 681 2084 apud
697 2022 752 2064 eos
768 2009 900 2084 reperta
911 2008 992 2064 sunt
1004 2007 1038 2064 et
1050 1998 1205 2064 scedulae

153 2105 319 2190 sigillatae
336 2106 379 2168 ad
394 2105 570 2168 arbitrium
585 2126 702 2168 eorum
718 2104 827 2168 adhuc
850 2103 1056 2180 scribendae,
1073 2104 1204 2187 quibus,

152 2210 241 2274 siout
267 2218 406 2274 actenus
433 2209 691 2274 consuetudinis
721 2231 836 2273 eorum
867 2209 943 2284 fuit,
971 2231 1029 2294 per
1055 2209 1205 2294 singulas

153 2314 329 2378 aecclesias
357 2315 534 2378 Teutonici
562 2316 656 2400 regni
684 2322 883 2398 conceptum
911 2315 1101 2398 iniquitatis
1126 2335 1205 2378 suae

153 2419 245 2481 virus
268 2441 470 2504 respergere,
491 2419 610 2482 altaria
633 2417 812 2492 denudare,
829 2439 908 2481 vasa
931 2416 1048 2481 domus
1072 2416 1137 2481 Dei
1160 2440 1206 2481 as·

153 2531 294 2605 portare,
310 2545 424 2586 eruces
441 2524 604 2586 excoriare
623 2523 827 2597 nitebantur,
841 2544 881 2585 ne
900 2523 990 2585 ultra
1002 2521 1206 2605 procedendi

153 2625 297 2690 facultas
313 2628 360 2690 eis
377 2627 522 2701 daretur,
539 2626 653 2690 eadem
676 2649 742 2710 qua
758 2633 920 2690 venerant
936 2627 990 2690 via
1013 2624 1056 2689 ad
1081 2625 1206 2690 Urbem

153 2751 208 2792 eos
225 2730 332 2793 redire
348 2731 499 2793 fecimus.
547 2730 700 2813 (iamque
717 2752 776 2814 per
796 2731 994 2793 electionem
1016 2731 1206 2815 principum

153 2855 172 2896 a
199 2833 269 2895 solo
298 2834 369 2896 lieo
399 2856 539 2919 regnum
566 2843 600 2897 et
627 2835 802 2917 imperium
829 2841 982 2897 nostrum
1010 2835 1064 2909 sit,
1089 2835 1206 2917 quiin

153 2938 305 3021 passione
324 2937 448 2999 (llnisti
466 2938 524 2999 filii
540 2939 591 2999 sui
609 2937 738 3000 (luobus
751 2937 872 3023 gladiis
886 2939 1078 3001 necessariis
1091 2960 1207 3023 regen-

154 3041 235 3103 dum
251 3040 364 3104 orbern
379 3041 530 3125 subjecit,
547 3062 691 3124 cunique
709 3040 831 3103 Petrus
853 3041 1024 3124 apostolus
1047 3040 1109 3105 hac
1133 3042 1208 3105 doc·

154 3146 241 3208 trina
279 3143 442 3208 mundum
480 3143 728 3207 informaverit:
768 3144 897 3208 ‘Deum
935 3145 1063 3218 timete,
1094 3168 1207 3231 regem

153 3247 393 3322 lionorificate,’
418 3250 618 3333 quieornque
646 3270 707 3311 nos
734 3249 941 3332 imperialem
968 3269 1123 3311 eoronam
1146 3272 1206 3333 pro

153 3353 311 3417 beneficio
327 3376 346 3417 a
362 3352 484 3416 domno
500 3374 585 3437 papa
601 3354 784 3436 suscepisse
806 3351 940 3427 dixerit,
957 3352 1090 3416 divinae
1115 3354 1208 3417 insti·

154 3459 278 3522 tutioni
304 3466 338 3522 et
365 3456 537 3521 doctrinae
565 3457 657 3521 Petri
686 3457 871 3521 contrarius
898 3464 950 3521 est
976 3464 1011 3521 et
1041 3457 1206 3521 mendacii

153 3584 229 3626 reus
252 3563 326 3626 erit.
374 3561 463 3640 Quia
486 3583 565 3626 vero
591 3570 729 3625 actenus
757 3562 917 3625 honorem
948 3582 985 3625 ac
1017 3561 1206 3626 libertatem

153 3668 398 3739 aecclesiarum,
416 3688 501 3750 quae
523 3667 590 3751 jara
613 3665 672 3728 diu
695 3664 863 3729 indebitae
887 3666 1103 3748 se(r)vitutis
1126 3666 1208 3750 jugo

153 3769 308 3854 depressa
324 3779 385 3845 est,
402 3792 421 3833 a
437 3791 540 3834 manu
564 3770 785 3855 Egyptiorum
808 3768 1000 3832 studuimus
1024 3770 1149 3854 eripere
1173 3777 1209 3833 et
