2768 4268
387 346 461 392 run
484 318 786 394 uounnsriurun
809 347 954 395 aaaron.
1157 331 1198 395 85

146 523 227 578 tunc
244 522 356 578 tamen
369 515 404 576 in
416 535 454 578 ea
467 514 709 601 significatione
722 515 953 600 accipiendum
964 516 1085 590 fuerat,
1099 538 1199 600 quam

146 620 285 702 nosipsi
302 619 482 703 posuimus,
499 626 534 682 et
549 641 650 702 quam
667 641 707 683 ex
731 621 943 684 institutione
967 641 1028 684 sua
1051 622 1200 684 noscitur

145 725 298 787 retinere.
344 721 419 785 Hoc
437 723 526 785 enim
541 744 663 787 nomen
679 746 720 787 ex
736 723 823 787 bono
839 732 874 788 et
889 723 979 788 facto
995 731 1048 788 est
1059 724 1198 800 editum,

145 834 179 891 et
195 826 319 891 dicitur
334 825 532 890 beneficium
548 834 631 910 aput
652 849 711 890 nos
734 850 803 891 non
825 826 976 902 feudum,
993 828 1052 892 sed
1074 828 1199 892 bonum

145 931 273 995 factum
284 955 292 1006 ;
316 932 351 994 in
368 953 434 1014 qua
450 931 694 1016 significatione
711 933 745 995 in
770 933 926 996 universo
951 931 1069 996 Sacrae
1094 932 1198 1018 Scrip

145 1043 240 1099 turae
258 1057 391 1120 corpore
408 1037 590 1110 invenitur,
608 1035 665 1100 ubi
686 1058 727 1099 ex
751 1037 910 1101 beneficio
934 1036 1009 1112 Dei,
1026 1058 1093 1100 non
1119 1045 1200 1100 tam-

146 1161 246 1224 quam
262 1162 303 1204 ex
321 1138 434 1215 leude,
451 1139 509 1203 sed
526 1141 622 1204 velut
637 1141 678 1203 eir
696 1139 928 1204 benedictione
946 1148 981 1204 ct
999 1140 1085 1204 bono
1108 1140 1198 1206 facto

145 1245 248 1328 ipsius
273 1244 453 1330 gubernari
480 1244 624 1308 dicimur
647 1254 682 1309 et
712 1245 842 1308 nutriri.
898 1245 943 1309 Et
973 1253 1032 1309 tua
1063 1245 1198 1329 quidem

145 1349 393 1433 magnificentia
409 1347 539 1432 liquido
556 1349 776 1433 recognoscit,
794 1348 885 1432 quod
901 1371 961 1412 nos
985 1350 1033 1412 ita
1055 1348 1139 1413 bene
1163 1359 1198 1413 et

144 1452 323 1517 honorifice
349 1453 531 1536 imperialis
559 1452 734 1537 dignitatis
759 1454 890 1537 insigne
922 1460 981 1516 tuo
1013 1455 1114 1537 capiti
1140 1455 1199 1516 im·

144 1558 327 1640 posuimus,
344 1564 384 1619 ut
398 1556 523 1619 bonum
538 1554 665 1619 factum
682 1557 794 1620 valeat
809 1557 850 1619 ab
869 1557 1022 1620 omnibus
1044 1556 1197 1641 judicari.

146 1660 244 1724 Unde
262 1661 353 1744 quod
369 1659 506 1744 quidam
522 1659 659 1723 verbum
675 1659 737 1723 hoc
761 1667 795 1723 et
818 1661 914 1735 illud,
930 1661 1077 1725 scilicet:
1104 1671 1198 1724 ‘con-

145 1764 285 1827 tulimus
303 1762 363 1826 tibi
380 1764 548 1848 imperalis
565 1764 725 1839 coronae‚’
742 1785 762 1826 a
777 1786 877 1827 sensu
893 1786 954 1828 suo
970 1766 1034 1828 nisi
1053 1773 1133 1830 sunt
1155 1766 1198 1829 ad

144 1867 249 1930 alium
265 1875 468 1951 retorquere,
485 1889 553 1930 non
569 1889 611 1931 ex
623 1869 742 1931 merito
755 1889 883 1942 causae,
896 1869 1006 1933 sedda
1020 1870 1196 1935 voluntate

144 1972 277 2056 propria
292 1979 327 2035 ct
342 1972 476 2034 illorum
492 1973 710 2057 suggestione
727 1973 786 2055 qui
799 1994 912 2055 pacem
925 1974 1020 2059 regni
1033 1982 1067 2037 et
1077 1975 1199 2038 aeccle-

144 2077 210 2140 siae
239 2076 434 2139 nullatenus
462 2074 611 2160 diligunt
640 2076 702 2139 hoc
731 2084 882 2161 egerunt.
929 2076 994 2141 Per
1020 2077 1082 2141 hoc
1108 2080 1197 2142 enim

145 2180 344 2245 vccabulum
377 2179 624 2244 ‘contulimus'
655 2181 705 2243 nil
742 2180 837 2243 aliud
871 2182 1102 2273 intelligimus,
1133 2184 1197 2246 nisi

145 2284 236 2370 quod
266 2285 418 2369 superius
445 2282 573 2348 dictum
600 2291 653 2348 est
683 2285 942 2369 ‘imposuimus’
989 2286 1075 2350 Sane
1107 2287 1198 2371 quod
1292 2308 1295 2315 ·

144 2389 357 2474 postmodum
373 2410 530 2472 personas
549 2390 812 2453 aecclesiasticas
835 2411 854 2452 a
877 2389 989 2455 debita
1012 2412 1199 2455 sacrosanc-

144 2501 197 2557 tae
221 2493 390 2557 Romanae
414 2494 593 2557 aecclesiae
616 2494 818 2568 visitatione,
836 2501 874 2557 ut
898 2494 1032 2569 dicitur,
1048 2497 1198 2558 revocari

143 2599 281 2682 jussisti,
298 2599 325 2659 si
349 2599 397 2660 ita
419 2605 480 2672 est,
498 2619 599 2680 quam
622 2599 900 2662 inconvenienter
922 2606 1035 2662 actum
1057 2600 1111 2674 sit,
1128 2607 1197 2676 tua,

145 2702 191 2763 lili
215 2703 251 2763 in
275 2700 409 2764 Christo
431 2699 615 2776 karissime,
640 2701 805 2775 discretio,
827 2709 866 2764 ut
888 2703 1064 2778 credimus,
1088 2725 1198 2788 recog·

145 2806 262 2868 noscit.
308 2803 392 2867 Nam
410 2806 437 2868 si
454 2812 537 2888 aput
555 2826 616 2867 nos
639 2805 769 2888 aliquid
791 2806 1021 2869 amaritudinis
1045 2807 1196 2882 habebas,

144 2931 203 2992 per
218 2909 358 2972 nuncios
375 2917 410 2972 et
426 2909 555 2972 litteras
571 2916 647 2972 tuas
663 2909 757 2972 nobis
778 2908 888 2973 fuerat
911 2911 1146 2985 intimandum,
1163 2920 1198 2975 et

146 3034 204 3075 nos
221 3012 339 3074 honori
356 3020 415 3076 tuo
439 3013 694 3088 curavissemus,
711 3014 800 3076 sicut
815 3013 875 3075 filii
899 3012 1073 3089 karissimi,
1090 3016 1199 3098 provi-

90 3163 93 3166 ·
145 3117 232 3181 dere.
278 3115 308 3177 N
313 3137 377 3179 unc
393 3116 498 3200 igitur
519 3118 678 3199 quoniam
702 3116 745 3180 ad
767 3119 1059 3181 commonitionem
1083 3119 1197 3183 dilecti

145 3220 204 3283 filii
221 3221 325 3283 nostri
344 3219 496 3283 Heinrici
514 3219 683 3284 Baioariae
701 3229 735 3285 et
751 3220 914 3285 Saxoniac
933 3221 1027 3285 ducis
1046 3223 1131 3286 duos
1155 3223 1195 3287 de

143 3324 286 3388 fratibus
314 3326 445 3395 nostris,
471 3323 668 3388 Heinricum
696 3325 791 3388 tituli
818 3324 1016 3389 Sanctorum
1040 3327 1138 3391 Nerei
1163 3336 1197 3392 et

144 3430 290 3493 Achillei
310 3429 564 3515 [presbiterum]
583 3438 618 3493 et
633 3430 824 3494 Jacinctum
847 3429 986 3495 Sanctae
1012 3431 1137 3496 Mariae
1162 3433 1196 3495 in

145 3534 317 3598 Cosmiani
344 3534 516 3598 diaconem
544 3532 738 3609 cardinales,
763 3535 947 3619 prudentes
972 3536 1139 3620 siquidem
1162 3548 1197 3602 et
1227 3534 1235 3549 ⁰

143 3639 299 3703 honestos
316 3640 415 3711 viros,
432 3636 473 3701 ad
490 3646 583 3701 tuam
604 3641 807 3723 presentiam
830 3639 1047 3715 destinamus
1064 3643 1198 3705 celsitu-

143 3743 255 3807 dinem
272 3752 364 3806 tuam
381 3749 553 3805 monentes
569 3750 604 3805 et
619 3741 791 3807 hortantes
809 3744 843 3806 in
861 3744 1018 3819 Domino,
1035 3747 1196 3829 quatinus
