2768 4268
294 340 430 388 Pnnron
453 342 499 390 or
522 343 596 388 run
620 340 863 388 ranncoumn
887 339 1091 385 auruncus.
1177 322 1219 386 45

162 508 298 583 facient,
316 507 472 584 absolvo3
497 490 541 586 et,
567 516 606 573 ut
629 509 742 572 nullus
766 510 796 572 ei
820 509 909 572 sicut
930 508 1003 592 regi
1022 508 1156 583 serviat,
1174 509 1220 570 in-

163 613 300 677 terdico
348 612 500 698 Dignum
531 622 583 677 est
613 614 713 687 enim,
742 620 790 687 ut,
824 612 882 696 qui
913 611 1028 675 studet
1059 611 1218 675 honorem

163 719 321 783 ecclesiae
347 725 424 780 tuae
448 718 655 794 imminuere,
675 718 745 800 ipsc
770 716 931 781 honorem
954 716 1097 791 amittat,
1115 738 1217 799 quem

163 823 298 887 videtur
319 824 450 887 habere.
498 821 544 884 Et
567 822 645 905 quia
667 822 757 884 sicut
781 820 981 884 christianus
1015 821 1218 903 contempsit

163 927 316 992 oboedire
345 949 405 991 nec
433 925 476 989 ad
504 924 615 989 Deum
639 924 739 989 rediit
770 945 870 1007 quem
898 923 1218 1007 dimisit—partici-

163 1031 273 1116 pando
290 1030 586 1097 excommunicatis
601 1053 609 1104 3
634 1037 669 1093 et
684 1029 809 1092 multas
826 1028 1022 1112 iniquitates
1046 1027 1218 1103 iaciend03

164 1159 319 1221 meaque
341 1138 476 1211 monita,
493 1158 577 1222 quae
602 1157 662 1220 pro
687 1156 747 1198 sua
771 1134 879 1197 salute
902 1132 964 1195 sibi
982 1134 1055 1196 misi
1072 1143 1104 1197 te
1122 1141 1217 1209 teste,

163 1241 369 1325 spernend03
400 1264 502 1326 seque
526 1242 567 1306 ab
590 1241 730 1305 ecclesia
755 1247 823 1314 tua,
848 1247 1015 1322 temptans
1043 1260 1116 1302 earn
1139 1240 1220 1303 scin·

163 1344 251 1421 dere,
281 1346 665 1431 seperando—vinculo
698 1365 774 1407 eum
805 1343 1026 1407 anathematis
1054 1345 1127 1407 vice
1160 1352 1218 1408 tua

162 1449 276 1535 alligo
309 1450 354 1514 Et
368 1451 415 1513 sic
433 1472 510 1514 eum
526 1472 567 1514 ex
584 1450 706 1513 fiducia
721 1457 779 1512 tua
793 1449 910 1532 alligo:
929 1456 968 1512 ut
980 1450 1086 1513 sciant
1101 1457 1219 1535 gentes

164 1560 198 1615 et
218 1553 442 1637 comprobent,
459 1556 538 1638 quia
555 1562 593 1617 tu
609 1576 643 1618 es
661 1554 782 1617 Petrus
809 1559 844 1616 et
866 1574 967 1636 super
983 1560 1076 1616 tuam
1092 1561 1219 1637 petram

164 1656 252 1719 filius
276 1657 341 1720 Dei
358 1657 425 1721 vivi
442 1657 630 1720 aedificavit
646 1657 820 1720 ecclesiam
838 1665 985 1722 suamet
1000 1665 1095 1742 porte
1119 1657 1218 1721 inferi

164 1779 232 1822 non
247 1760 488 1844 praevalebunt
503 1759 662 1824 adversus
680 1781 762 1825 eam.

618 2022 755 2049 -οοο-

272 2179 489 2286 centaurus
519 2219 840 2287 orrrnnrmrusrs
871 2225 1006 2308 (causer,
1021 2226 1116 2306 mo).

535 2384 844 2449 mammam

164 2531 205 2612 a)
239 2528 421 2593 Promiaaio
452 2527 605 2592 Heinrici
634 2529 728 2612 repit,
760 2508 857 2615 quum
877 2529 965 2610 fecit
994 2529 1236 2596 fflldebroado.

467 2655 587 2720 papae,
604 2635 660 2719 qui
676 2642 707 2697 et
728 2632 917 2717 Greporiue.
1303 2615 1308 2637 ’

210 2805 358 2870 Consilio
384 2805 536 2871 fidelium
564 2815 755 2872 nostrorum
786 2809 1000 2883 ammonitus
1028 2808 1100 2872 sedi
1131 2829 1222 2892 apos-

165 2911 285 2975 tolicae
302 2917 336 2975 et
352 2910 414 2974 tibi
438 2909 600 2997 Gregorio
624 2932 728 2996 papae
753 2911 899 2976 debitam
922 2913 957 2974 in
982 2913 1136 2976 omnibus
1159 2934 1222 2976 ser·

164 3036 242 3079 vare
280 3014 505 3079 obedientiam
546 3016 715 3099 promitte,
753 3023 786 3079 et
817 3038 1039 3101 quaecunque
1070 3016 1221 3101 ejusdem

163 3118 252 3183 sedis
276 3119 331 3183 vel
357 3121 408 3182 tui
436 3119 570 3183 honoris
598 3120 788 3183 imminutio
812 3141 872 3204 per
895 3143 955 3184 nos
979 3128 1051 3184 orta
1075 3121 1219 3196 videtur,

164 3221 288 3286 devota
302 3223 532 3287 satisfactione
556 3223 731 3287 emendare
756 3224 888 3288 curabo.
935 3223 1025 3302 Quia
1048 3246 1127 3288 vcro
1150 3247 1221 3309 gra-

164 3327 257 3390 viora
273 3327 437 3411 quaedam
454 3327 495 3391 de
507 3327 606 3391 nobis
618 3328 796 3411 jactantur,
810 3351 895 3413 quae
909 3329 943 3390 in
956 3329 1096 3393 eandem
1108 3329 1220 3393 sedem

163 3438 199 3495 ct
221 3439 315 3495 tuam
337 3433 560 3496 reverentiam
576 3433 761 3508 statuerim,
779 3454 817 3497 ea
834 3455 982 3518 congruo
999 3441 1149 3518 tempore
1166 3435 1221 3497 vel

163 3535 375 3600 innocentiae
392 3534 564 3621 suffragio,
579 3536 633 3600 vel
650 3537 839 3620 opitulante
856 3538 941 3613 Dec,
955 3538 1147 3624 expurgabo
1167 3539 1219 3602 vel

163 3647 237 3703 tum
252 3640 387 3705 demum
404 3663 464 3725 pro
479 3641 531 3704 his
548 3650 795 3725 competentem
810 3643 1054 3726 poenitentiam
1077 3643 1221 3706 libenter

162 3744 356 3829 amplectar.
414 3743 587 3810 Condccet
613 3754 726 3811 autem
754 3754 788 3811 et
810 3749 1024 3813 sanctitatem
1054 3755 1219 3822 tuamen
