2768 4268
201 311 241 375 78
418 325 551 373 sunncr
576 324 782 372 arunrmvnu
807 303 1034 372 uocuuuuns.

198 496 268 580 ipse
285 516 346 559 neo
366 504 529 581 trengam,
553 515 615 558 nee
639 515 755 578 pacem
778 493 882 558 faciet
905 515 981 557 eum
1006 493 1174 569 Romanis,
1191 516 1254 559 nec

198 622 275 663 curn
306 600 445 687 Rogoris
473 598 584 662 Sicilie
608 599 679 662 sine
702 598 806 662 libero
830 619 995 662 consensu
1018 607 1054 662 ct
1075 599 1253 663 voluntate

199 704 347 768 Romane
371 704 519 778 ecclesie,
536 713 570 767 et
587 703 725 766 Domini
747 724 832 787 pape
858 703 1003 787 Eugenii
1019 702 1074 765 vel
1089 723 1255 766 successo·

198 831 273 872 rum
302 830 449 882 suorum,
481 808 540 891 qui
571 815 720 871 tenorem
751 806 938 890 subscripto
970 805 1144 871 concordie
1175 827 1254 871 curn

199 912 314 977 eodem
332 911 507 976 Frederico
523 919 636 975 tenere
654 912 835 986 voluerint,
852 919 886 975 et
901 932 961 996 pro
979 910 1106 975 viribus
1129 910 1255 975 labora

199 1019 251 1081 vit
274 1018 441 1081 Romanos
464 1015 643 1101 subjugare
668 1015 802 1079 domino
824 1037 920 1100 pape,
934 1017 1026 1101 sicut
1041 1016 1160 1079 melius
1183 1037 1256 1080 um-

199 1142 299 1204 quam
323 1120 464 1184 fuerunt
480 1141 499 1182 a
514 1129 652 1184 centurn
667 1128 756 1183 retro
772 1120 878 1184 annis.
925 1119 1097 1184 Honorem
1112 1127 1254 1205 papatus

199 1233 234 1289 et
248 1226 374 1310 regalia
390 1224 478 1288 beati
496 1223 589 1286 Petri
605 1225 693 1287 siout
706 1222 848 1288 devotus
862 1232 896 1288 et
907 1225 1059 1308 specialis
1071 1223 1255 1303 advocatus

198 1339 312 1393 sancte
330 1330 478 1392 Romane
495 1328 633 1391 ecclesie
651 1335 765 1392 contra
782 1349 894 1392 omnes
915 1329 1066 1393 homines
1082 1350 1141 1413 pro
1157 1349 1253 1414 posse
1342 1364 1344 1368 Α

198 1454 260 1496 suo
283 1432 493 1496 conservabit
508 1440 543 1496 et
559 1431 728 1508 defendet,
747 1454 811 1517 que
837 1454 927 1496 nunc
950 1432 1069 1508 habet3
1093 1453 1157 1519 que
1175 1454 1255 1497 vero

199 1558 288 1601 nunc
314 1536 514 1611 nonhabet,
538 1558 732 1620 recuperare
757 1558 816 1622 pro
840 1558 935 1620 posse
959 1536 1098 1621 juvabit,
1115 1544 1149 1601 et
1164 1558 1256 1601 recu-

199 1649 314 1726 perata
330 1639 497 1705 defendet.
546 1639 729 1704 Grecorum
747 1662 882 1725 quoque
898 1642 970 1727 regi
986 1641 1115 1704 nullam
1131 1649 1254 1705 terram

199 1746 233 1807 in
250 1746 313 1809 ista
325 1753 418 1829 parte
432 1745 531 1808 maris
549 1745 729 1820 eoncedet3
755 1745 846 1829 quod
861 1747 890 1809 si
906 1744 992 1809 forte
1009 1745 1067 1809 ille
1083 1746 1254 1820 invaserit,

199 1872 258 1934 pro
283 1849 416 1913 vivibus
442 1849 545 1934 regni,
573 1857 700 1933 quanto
726 1851 825 1913 citius
853 1851 985 1933 poterit,
1013 1850 1123 1934 ipsum
1153 1850 1254 1915 licere

200 1954 339 2018 curabit.
386 1954 458 2018 Hec
476 1955 586 2017 omnia
609 1953 713 2018 faciet
734 1962 770 2018 et
793 1953 982 2019 observabit
997 1954 1068 2018 sine
1084 1952 1203 2018 fraude
1221 1962 1256 2018 et

200 2059 287 2122 malo
303 2059 447 2143 ingenio.

243 2165 409 2227 Dominus
425 2186 504 2228 vero
527 2184 613 2247 papa
636 2163 816 2246 apostolice
841 2162 1050 2226 auctoritatis
1067 2161 1167 2227 verbo
1187 2183 1256 2226 una

200 2290 275 2332 cum
302 2267 461 2351 predictis
488 2267 721 2331 Cardinalibus
747 2267 782 2329 in
807 2267 974 2350 presentia
996 2267 1255 2350 prescriptorum

199 2373 387 2457 legatorum
416 2371 542 2435 domini
568 2372 670 2456 Regis
698 2372 849 2455 promisit
876 2378 911 2435 et
937 2370 1135 2447 observabit,
1163 2370 1256 2456 quod

199 2497 276 2540 eum
298 2477 387 2540 sicut
409 2477 619 2559 purissimum
642 2475 732 2539 beati
758 2474 850 2539 Petri
877 2474 984 2538 filium
1011 2474 1197 2551 honorabit,
1220 2482 1256 2539 et

199 2581 391 2644 venientem
414 2602 472 2664 pro
496 2601 615 2644 corone
638 2601 697 2643 sue
722 2577 932 2664 plenitudiue
959 2580 1030 2643 sine
1055 2578 1260 2664 difficultate⁸

199 2692 234 2748 et
257 2683 532 2758 contradictione,
550 2705 650 2767 quam
675 2704 751 2746 cum
776 2683 913 2766 imperio
937 2690 997 2758 est,
1016 2683 1254 2767 Imperatorem

199 2787 379 2862 coronabit,
397 2787 489 2852 etad
506 2786 750 2851 manutendum
775 2795 876 2870 atque
901 2786 1094 2872 augendum
1118 2797 1152 2850 et
1175 2786 1255 2851 dila-

199 2891 338 2955 tandum
355 2891 514 2955 honorem
533 2892 663 2975 imperii
687 2913 746 2975 pro
771 2890 883 2955 debito
906 2889 1005 2955 officii
1028 2892 1081 2954 sui
1103 2890 1254 2975 juvabit3

199 3004 233 3060 et
250 2997 453 3080 quicumque
471 2996 634 3080 justitiam
651 3003 687 3059 et
701 2995 861 3059 honorem
879 2980 987 3080 Regni
1004 2995 1179 3059 conculare
1195 3004 1255 3058 aut
1295 2980 1299 2987 ⁸

198 3099 392 3164 subvertere
409 3122 492 3163 ausu
512 3100 687 3163 temerario
704 3085 974 3182 presumpserint,
991 3097 1146 3163 dominus
1169 3119 1255 3182 papa

199 3204 322 3289 aregio
339 3203 514 3289 dignitatis
532 3203 711 3268 dilectione
733 3204 941 3286 premonitus
964 3224 1020 3266 eos
1043 3202 1085 3266 ad
1108 3201 1256 3267 satisfac-

199 3309 323 3371 tionem
340 3309 498 3371 canonice
515 3306 757 3380 commonebit3
782 3305 873 3390 quod
894 3308 922 3370 si
941 3308 1012 3392 regi
1035 3305 1078 3370 ad
1101 3307 1256 3391 apostoli-

199 3433 272 3474 cam
296 3413 569 3475 ammonitionem
594 3410 634 3474 de
659 3411 731 3495 jure
757 3417 791 3474 et
816 3409 941 3475 honore
966 3411 1059 3496 regio
1089 3410 1253 3496 justitiam

198 3515 354 3579 exhibere
387 3515 657 3598 contempserint,
691 3515 1048 3579 excommunicationis
1083 3515 1254 3579 sententia

198 3619 415 3683 innodentur.
462 3620 548 3704 Regi
565 3620 665 3682 etiarn
684 3617 868 3683 Grecorum
889 3640 931 3683 ex
949 3619 1014 3683 ista
1030 3626 1130 3704 'parte
1155 3620 1253 3683 maris

199 3732 322 3787 terram
345 3745 411 3786 non
436 3721 614 3797 concedet3
648 3722 738 3806 quod
768 3724 796 3786 si
823 3724 879 3787 ille
903 3722 1061 3788 invadere
1085 3745 1255 3809 presump
