2768 4268
163 308 206 371 40
383 325 515 372 suuacu
541 325 748 371 Mammula
771 325 998 373 nocunnurs.

164 492 346 557 discordiae
360 514 462 578 quam
471 493 507 555 in
519 493 669 556 Romana
681 494 820 558 ecclesia
830 493 909 556 diris
920 492 1121 558 factionibus
1132 496 1218 559 exci-

163 599 252 673 tasti,
268 619 328 682 per
350 618 463 660 omnes
487 598 642 660 ecclesias
666 596 794 672 Italiae,
812 596 1019 674 Germaniae,
1037 597 1167 663 Galliae
1184 609 1218 663 et

165 701 346 785 Hispaniae
358 700 471 764 furiali
484 700 652 764 dementia
661 701 820 785 sparsisti.
852 699 990 765 Sublata
1003 703 1102 778 eninr,
1116 725 1217 786 quan-

165 815 237 868 tum
253 806 333 868 inte
347 804 423 876 fuit,
437 805 526 867 omni
542 812 707 888 potestate
724 804 765 867 ab
781 801 953 889 episcopie,
971 827 1056 888 quac
1073 808 1119 870 cis
1136 806 1218 870 divi·

164 910 255 972 nitus
272 909 488 993 pergratiam
513 910 622 972 sancti
646 907 801 992 Spiritus,
826 910 884 993 qui
908 910 1052 973 maxime
1076 911 1111 972 in
1135 909 1218 972 ordi-

163 1013 354 1076 nationibus
386 1022 552 1095 operatur,
575 1012 697 1076 collata
729 1033 799 1076 esse
832 1012 1026 1087 dinoscitur,
1059 1014 1215 1098 omnique

163 1138 275 1180 rerum
287 1117 585 1180 ecclesiasticarum
598 1114 885 1179 administratione
896 1116 1026 1200 plebeio
1039 1115 1144 1180 furori
1157 1140 1217 1202 per

163 1228 198 1284 te
222 1219 394 1296 attributa,
419 1219 500 1282 durn
524 1220 591 1303 jam
617 1242 713 1283 nemo
736 1220 837 1282 alicui
864 1222 1036 1306 episcopus
1056 1230 1115 1285 aut
1131 1244 1218 1305 pres·

164 1324 260 1410 byter
276 1333 337 1400 est,
350 1325 415 1387 nisi
432 1325 491 1407 qui
507 1324 588 1387 haec
604 1324 836 1408 indignissima
851 1325 1073 1387 assentatione
1090 1346 1109 1388 a
1125 1324 1216 1388 fastu
1263 1345 1265 1350 ·

164 1437 223 1492 tuo
234 1427 467 1503 emendicavit,
479 1449 612 1492 omnem
621 1429 821 1512 apostolicae
833 1429 1054 1492 institutionis
1066 1429 1216 1514 vigorem

163 1533 323 1618 illamque
357 1532 615 1616 pulcherrimam
650 1532 871 1596 membrorum
903 1532 1029 1595 Christi
1063 1531 1217 1596 distribu-

163 1638 292 1702 tionem
323 1658 424 1721 quam
456 1636 573 1700 doctor
602 1638 757 1722 gentium
783 1639 912 1700 tociens
943 1637 1156 1701 commendat
1182 1647 1217 1702 et

93 1791 95 1797 .
163 1743 322 1818 inculcat,
355 1741 534 1805 miserabili
565 1740 760 1805 confusione
792 1742 974 1817 miscuisti3
1011 1743 1127 1826 sicque
1158 1765 1218 1827 per

95 1867 102 1878 ·
163 1845 245 1909 hacc
262 1852 322 1909 tua
336 1845 482 1931 gloriosa
498 1844 642 1921 decreta,
660 1845 750 1930 quod
770 1847 841 1909 sine
865 1846 1034 1910 lachrimis
1058 1846 1124 1910 dici
1148 1868 1216 1910 non

163 1957 285 2034 potest,
303 1949 429 2014 Christi
446 1950 515 2015 fere
532 1972 652 2014 nomen
668 1951 777 2034 periit.
825 1950 909 2029 Quis
926 1960 1036 2015 autem
1054 1952 1140 2015 illud
1156 1975 1216 2036 pro

164 2054 367 2140 indignitate
390 2055 438 2118 rei
461 2076 528 2118 non
551 2062 695 2138 stupeat,
719 2055 811 2139 quod
834 2077 955 2119 novam
979 2055 1147 2140 quandam
1171 2059 1218 2119 in·

164 2157 378 2243 debitamque
395 2161 579 2243 potentiam
596 2158 656 2223 tibi
674 2158 865 2243 usurpando
881 2181 1025 2246 arrogaS,
1043 2168 1082 2224 ut
1105 2160 1217 2224 debita

163 2265 338 2328 universae
351 2263 556 2328 fraternitati
567 2265 640 2348 jura
653 2263 829 2328 destruas?
859 2265 989 2328 Asseris
1000 2265 1099 2339 enim,
1110 2267 1217 2349 cujus-

164 2390 297 2452 cunque
320 2377 472 2432 nostrum
495 2369 704 2453 parrochiani
724 2367 861 2452 aliquod
877 2367 919 2431 ad
936 2376 967 2432 te
985 2368 1146 2433 delictum
1163 2371 1217 2433 vel

162 2474 233 2537 sola
257 2474 345 2537 fama
368 2475 551 2557 perveniat,
575 2475 664 2537 ultra
686 2473 753 2557 jam
776 2493 843 2537 non
867 2472 985 2537 habere
1013 2459 1215 2557 quemquam

163 2586 317 2641 nostrum
344 2579 490 2662 aliquem
515 2585 715 2662 potestatem
738 2577 793 2640 vel
820 2576 950 2662 ligandi
974 2598 1051 2640 eum
1075 2578 1130 2640 vel
1156 2579 1217 2641 sol-

163 2682 275 2756 vendi,
292 2690 424 2766 praeter
440 2690 472 2747 te
488 2683 608 2756 solum,
625 2689 684 2744 aut
700 2703 777 2744 eum
794 2702 894 2765 quem
910 2689 948 2745 tu
965 2681 1153 2765 specialiter
1175 2681 1218 2744 ad

163 2786 225 2850 hoc
243 2786 416 2872 delegeris.
464 2785 558 2864 Quae
581 2786 758 2859 sententia,
776 2807 875 2869 quam
900 2807 1031 2850 omnem
1054 2786 1217 2849 insaniam

164 2890 315 2965 excedat,
347 2892 422 2974 quis
454 2892 488 2953 in
518 2891 620 2954 sacris
652 2890 775 2954 litteris
807 2890 959 2954 eruditus
987 2911 1054 2953 non
1083 2889 1219 2954 videat?

165 2994 254 3072 ‚Quia
279 3016 356 3080 ergo
383 3016 442 3079 per
471 2995 532 3058 hos
563 2995 711 3078 aliosque
742 2996 1053 3079 praesumptionum
1084 3002 1217 3058 tuarum

163 3099 300 3183 spiritus
325 3100 500 3164 ecclesiam
524 3100 588 3163 Dei
611 3106 680 3162 tam
703 3100 851 3183 graviter
874 3101 1131 3183 periclitantem,
1152 3100 1218 3164 imo

163 3202 233 3267 fere
258 3203 497 3287 pessundatam
520 3204 648 3268 diutius
672 3206 822 3280 tolerare,
846 3207 936 3269 omni
960 3207 1047 3269 malo
1072 3207 1218 3270 (leterius

140 3297 141 3302 ¹
163 3307 405 3391 judicavimus3
429 3309 567 3392 placuit,
586 3317 624 3373 ut
640 3311 809 3373 communi
825 3311 966 3374 concilio
983 3311 1131 3373 omniurn
1147 3331 1220 3371 nos-

164 3417 255 3473 trum
271 3412 342 3487 tibi,
360 3411 452 3495 quod
467 3412 631 3476 hactenus
648 3414 825 3488 tacuimus
842 3416 1039 3489 innotescat,
1056 3435 1157 3496 quarn
1179 3412 1220 3476 ab

164 3537 234 3579 rem
259 3538 320 3580 nec
344 3516 442 3579 modo
466 3517 581 3600 possis,
605 3538 665 3580 nec
689 3539 840 3601 unquam
862 3519 1010 3601 potueris
1034 3517 1105 3581 sedi
1129 3538 1220 3601 apos-

165 3620 284 3683 tolicae
317 3641 477 3703 praeesse.
534 3621 587 3683 Tu
622 3622 692 3704 ipse
726 3628 874 3705 tempore
906 3622 1010 3685 bonae
1043 3623 1218 3685 memoriae

165 3723 317 3787 Heinrici
333 3725 541 3808 imperatoris
561 3734 595 3789 te
617 3725 727 3809 ipsum
752 3725 915 3810 corporali
937 3733 1144 3790 sacramento
1168 3725 1221 3789 ob-
