2768 4268
163 303 228 365 122
385 318 516 365 sanncr
539 317 744 364 nammvau
767 317 996 363 oocurmnrs.

161 489 239 551 ciali
255 488 433 572 diligentes
449 485 584 560 affectu,
600 494 639 549 ut
654 507 828 569 personam
844 493 993 548 nostram
1009 484 1051 548 ab
1062 484 1217 579 omnibus
1245 523 1248 527 ·

164 592 319 657 volumus
337 600 371 654 ct
386 591 587 674 precipimus
604 590 770 652 honorari.

207 694 285 758 Dat.
304 694 432 758 Salerni
447 694 477 756 4.
495 693 545 756 ld.
563 693 653 768 Feb,
670 692 852 756 indictione
870 692 899 755 9.

624 932 759 956 -ιοα--ι

198 1112 272 1172 ‘mr
299 1111 408 1172 rrasr
435 1108 799 1171 uxoouuuumrrrou
827 1108 870 1170 or
898 1109 1108 1172 rauranum
1135 1110 1177 1172 Π.

635 1208 749 1287 (1227).

396 1381 550 1440 [Encyclical
561 1382 588 1425 of
599 1381 713 1438 Gregory
724 1381 768 1425 IX.
801 1381 881 1435 H.·B.,
891 1381 935 1426 Ill.
948 1379 995 1438 24]
1067 1437 1069 1442 .

208 1529 391 1613 Gregorius
407 1529 591 1610 episcopus,
606 1534 668 1590 etc.
713 1525 910 1601 Marsicano,
924 1525 1098 1602 Valvensi,
1112 1525 1216 1590 Thea-

81 1623 83 1627 *
130 1659 133 1663 ·
162 1635 246 1708 tino,
272 1632 450 1706 Pennensi,
476 1630 656 1713 Aprutirro,
683 1630 869 1712 ceterisque
897 1651 955 1713 per
978 1629 1037 1693 has
1062 1631 1216 1716 regiones

164 1736 357 1800 constitutis
381 1735 553 1818 episcopis
572 1744 636 1797 etc.
687 1732 727 1795 ln
751 1734 849 1796 maris
873 1733 1093 1816 amplitudine
1117 1735 1217 1818 spati·

163 1862 221 1904 osa
237 1840 392 1903 navicula
412 1838 505 1901 Petri
526 1839 643 1921 posita,
660 1837 716 1901 vel
731 1838 843 1920 potius
860 1837 1011 1920 exposita
1027 1837 1215 1902 turbinibus

163 1951 413 2027 tempestatum,
429 1943 477 2005 sic
500 1942 625 2026 jugiter
642 1941 797 2025 procellis
821 1949 856 2004 et
878 1939 1035 2004 fluctibus
1058 1943 1214 2026 agitatur,

164 2057 204 2111 ut
220 2049 290 2133 ejus
306 2047 546 2132 gubernatores
568 2053 602 2108 et
620 2046 760 2130 remiges
777 2046 835 2108 vix
859 2045 1010 2130 contigat
1034 2045 1215 2129 aliquando

164 2153 252 2215 inter
276 2152 448 2236 augustias
472 2149 710 2221 inundantium
732 2149 889 2213 imbrium
911 2149 1084 2232 respirare.
1130 2149 1217 2213 Nam

162 2257 192 2320 si
209 2255 344 2340 quando
361 2276 516 2339 prospero
534 2261 635 2317 vento
658 2252 760 2316 flante
784 2254 891 2337 plenis
909 2254 992 2317 velis
1016 2253 1059 2316 ad
1081 2260 1216 2338 portum

164 2358 326 2433 tenditur,
343 2357 453 2421 subito
471 2367 591 2421 ventus
608 2358 738 2420 irruens
760 2379 803 2420 ex
825 2356 965 2421 adverso
988 2357 1152 2440 impulsus
1176 2357 1218 2422 ab

164 2464 233 2539 illc,
250 2464 345 2547 cujus
362 2463 487 2525 halitus
503 2483 628 2545 prunas
645 2461 759 2526 ardere
776 2460 868 2536 facit,
886 2461 929 2524 ad
947 2462 1046 2524 maris
1069 2462 1218 2525 altitudi-

164 2589 242 2630 nem
266 2575 301 2631 ct
325 2566 519 2630 turbulente
543 2565 786 2650 profunditatis
809 2586 972 2629 oceanum
994 2566 1108 2629 navim
1130 2568 1218 2650 rapit

164 2694 231 2755 qne
247 2673 357 2735 cincta
373 2669 529 2733 fluctibus
545 2671 719 2756 mergitur,
736 2691 803 2732 non
824 2669 1062 2754 submergitur,
1080 2671 1160 2754 quia
1182 2671 1217 2732 in
1242 2735 1245 2741 ,

163 2797 203 2839 ea
226 2774 374 2839 residens
399 2774 564 2837 Dominus
588 2774 830 2857 discipulorum
853 2773 989 2838 tandem
1016 2774 1218 2838 clamoribus

165 2880 342 2954 excitatus,
360 2878 441 2941 dnm
463 2878 562 2962 fugat
583 2879 719 2962 spiritus
741 2876 961 2953 insufflantes
978 2887 1014 2942 et
1036 2878 1119 2941 mari
1141 2900 1219 2942 ven·

165 2985 275 3067 tisque
298 2983 450 3066 imperat,
473 2981 511 3045 fit
534 2983 764 3066 tranquillum.
811 2981 966 3060 Quatuor
989 2981 1127 3066 quidem
1148 3004 1220 3067 pro-

162 3088 248 3151 celle
280 3088 437 3171 precipue
469 3088 627 3170 quatiunt
659 3088 772 3149 navim
810 3087 927 3161 istam3
965 3107 1043 3149 nam
1080 3085 1219 3171 perfidia

165 3214 369 3276 paganorum
404 3199 528 3254 terram
562 3192 723 3276 inclytam
758 3190 883 3253 Christi
913 3191 1076 3276 sanguine
1108 3212 1220 3255 conse-

163 3305 289 3359 cratam
324 3296 424 3378 impie
450 3294 600 3358 detinere
631 3295 824 3370 contendit3
860 3295 965 3359 rabies
998 3303 1219 3380 tyrannorum

165 3400 362 3482 temporalia
390 3400 530 3482 rapiens,
557 3401 758 3463 exterminat
792 3400 957 3483 justitiam
983 3405 1018 3462 et
1042 3399 1219 3462 conculcat

163 3504 427 3568 ecclesiasticam
450 3502 658 3577 libertatem;
685 3502 908 3566 hereticorum
935 3503 1064 3566 insania
1093 3501 1219 3567 Christi
1268 3549 1271 3555 -

165 3608 314 3671 tunicam
336 3605 487 3670 scindere
510 3606 632 3668 nititur
653 3613 687 3669 et
709 3605 903 3669 subvertere
928 3605 1005 3669 fidei
1024 3605 1220 3670 fundamen·

164 3719 257 3785 tum3
291 3710 453 3773 falsorum
478 3709 623 3771 fratrum
648 3717 682 3772 et
706 3709 852 3771 filiorum
877 3708 991 3773 dolosa
1018 3710 1219 3793 perversitas
