2768 4268
165 332 208 398 34
384 349 516 396 sunncr
540 349 746 396 nnnrnvnn
772 350 1000 397 nocunnnrs

207 517 337 597 Quodsi
362 519 437 602 quis
460 524 576 581 contra
598 517 660 581 hoc
686 525 838 581 nostrum
865 517 1038 582 decretum
1063 520 1234 604 synodali·

162 624 330 687 sententia
350 621 603 706 promulgatum
633 642 693 705 per
723 621 924 685 seditionem
948 623 1003 686 vel
1030 645 1222 708 praesump-

163 728 288 791 tionem
298 724 537 810 autquodlibet
546 726 721 810 ingenium
731 726 927 789 electusaut
936 727 1036 790 etiam
1045 727 1221 792 ordinatus

162 852 223 896 seu
239 831 459 894 intronizatus
483 829 597 904 fuerit,
614 831 814 894 auctoritate
832 831 946 895 divina
970 840 1004 895 et
1026 840 1218 895 sanctorum

163 934 389 1018 apostolorum
413 933 507 997 Petri
530 941 565 997 et
588 932 696 1008 Pauli,
719 944 882 1018 perpetuo
906 935 1116 999 anathemate
1141 959 1218 1000 cum

162 1039 232 1103 suis
243 1036 444 1113 auctoribus,
455 1036 653 1113 fautoribus,
664 1038 1071 1121 sequacibusaliminibus
1082 1049 1219 1105 sanctae

163 1143 218 1207 dci
241 1143 399 1206 eeclesiae
416 1151 588 1225 separatus
605 1141 810 1218 subiiciatur,
826 1144 915 1207 sicut
935 1144 1166 1208 Antichristus
1184 1154 1222 1209 et.

163 1248 298 1311 invasor
310 1253 410 1330 atque
424 1246 612 1309 destructor
624 1247 728 1309 totius
739 1246 989 1311 christianitatis
1000 1272 1008 1323 3
1033 1270 1094 1312 nec
1105 1250 1220 1332 aliqua.

164 1373 263 1435 super
278 1351 341 1414 hoc
358 1349 527 1414 audientia
544 1350 724 1434 aliquando
738 1351 768 1414 ei
784 1359 983 1427 reservetur,
996 1351 1056 1415 sed
1071 1352 1112 1415 ab
1128 1355 1216 1416 omni

165 1456 388 1519 ecclesiastico
412 1454 529 1540 gradu,
546 1456 581 1517 in
606 1476 807 1539 quocunque
831 1457 923 1539 prius
947 1455 1154 1532 fuerat,si11e
1171 1480 1220 1521 re·

165 1561 363 1623 tractatione
381 1559 575 1642 deponatur.
616 1558 680 1622 Cui
697 1561 849 1643 quisquis
866 1560 1053 1624 adhaeserit
1069 1561 1123 1625 vei
1140 1583 1219 1645 qua-

164 1664 366 1748 lemcunque
380 1671 542 1747 tanquam
559 1663 709 1747 pontifici
723 1665 943 1728 reverentiam
956 1665 1146 1729 exhibuerit
1158 1676 1217 1730 aut

165 1769 200 1831 in
221 1769 334 1852 aliquo
351 1769 447 1830 illum
471 1767 651 1831 defendere
674 1770 942 1852 praesumpserit,
959 1771 1029 1853 pari
1053 1772 1219 1834 sententia

164 1873 209 1937 sit
220 1874 436 1956 mancipatus.
480 1872 642 1955 Quisquis
656 1883 768 1935 autem
785 1873 885 1936 huius
898 1883 1030 1937 nostrae
1044 1874 1217 1939 decretalis

164 1978 351 2041 sententiae
368 1984 547 2040 temerator
560 1978 712 2039 extiterit
724 1985 758 2039 ct
775 1978 957 2040 Ronranam
974 1978 1144 2041 ecclesiam
1158 2001 1220 2041 sua

164 2081 434 2165 praesumptione
451 2079 656 2144 confundere
673 2088 708 2143 et
731 2081 924 2164 perturbare
943 2089 1058 2144 contra
1075 2082 1136 2144 hoc
1154 2091 1219 2145 sta·

164 2193 278 2249 tutum
294 2185 486 2258 tentaverit,
503 2191 664 2268 perpetuo
685 2184 895 2248 anathemate
913 2192 1014 2268 atque
1031 2207 1218 2248 excommu-

164 2290 331 2353 nicatione
348 2289 525 2352 damnetur
541 2297 576 2352 et
592 2310 667 2352 eum
691 2290 809 2372 impiis,
828 2290 886 2372 qui
907 2309 975 2352 non
991 2298 1168 2374 resurgent
1183 2290 1218 2351 in

164 2394 298 2470 iudicio,
316 2401 500 2478 reputetur.

210 2497 458 2582 Omnipotentis
489 2498 617 2561 seilicet
647 2498 701 2562 dei
731 2499 835 2582 patris
860 2505 895 2562 et
925 2497 986 2561 fiiii
1020 2506 1055 2561 et
1080 2499 1219 2582 spiritus

164 2603 273 2666 sancti
289 2610 405 2666 contra
421 2624 456 2666 se
480 2603 562 2664 iram
578 2603 703 2666 sentiat
718 2610 753 2665 et
767 2610 958 2666 sanctorum
982 2603 1220 2686 apostolorum,

166 2705 260 2770 Petri
273 2713 307 2771 et
323 2705 432 2781 Pauli,
450 2728 593 2790 quorum
616 2707 800 2789 praesumit
819 2705 1022 2770 confundere
1035 2708 1219 2781 ecclesiam,

164 2811 199 2872 in
216 2811 277 2874 hac
293 2811 363 2873 vita
379 2810 464 2874 etin
480 2808 595 2873 futura
612 2810 760 2874 furorem
776 2812 928 2894 reperiat.
968 2811 1044 2875 Fiat
1055 2810 1221 2874 habitatio

165 2915 236 2978 eius
253 2914 392 2990 deserta,
409 2915 494 2978 etin
510 2914 731 2978 tabernaculis
749 2915 820 2978 eius
837 2937 903 2978 non
916 2916 961 2978 sit
973 2917 1031 3000 qui
1044 2915 1220 2979 inhabitet.

165 3017 267 3082 Fiant
288 3019 349 3082 filii
366 3020 437 3083 eius
457 3019 596 3103 orphani
620 3026 654 3083 et
672 3041 757 3082 uxor
777 3020 848 3083 eius
864 3019 976 3084 vidua.
1023 3020 1218 3083 Commotus

165 3131 359 3187 amoveatur
375 3124 445 3206 ipse
462 3131 564 3208 atque
576 3123 638 3185 filii
654 3124 726 3187 eius
739 3130 773 3187 et
790 3123 981 3187 mendicent
993 3130 1028 3187 et
1043 3124 1222 3186 eiiciantur

164 3226 205 3290 de
221 3226 483 3291 habitationibus
494 3229 574 3291 suis.
614 3225 791 3291 Scrutatur
802 3228 991 3291 foenerator
1004 3249 1134 3290 omnem
1147 3227 1218 3289 sub·

164 3332 323 3395 stantiam
354 3333 433 3406 eius,
458 3337 492 3394 et
523 3331 682 3415 diripiant
704 3332 805 3395 alieni
835 3331 964 3395 labores
992 3332 1072 3394 eius.
1121 3329 1221 3393 Orbis

164 3442 326 3499 terrarum
351 3443 479 3520 pugnet
506 3444 621 3498 contra
645 3457 731 3509 eum,
754 3441 789 3498 et
815 3444 936 3499 cuncta
963 3435 1127 3498 elementa
1151 3434 1223 3496 sint.

164 3538 196 3603 ei
212 3540 389 3615 contraria,
412 3545 446 3603 et
461 3540 608 3602 omnium
625 3546 818 3602 sanctorum
841 3539 1086 3623 quiescentium
1103 3539 1222 3601 merita

164 3644 260 3707 illum
278 3642 486 3707 confundant
501 3647 543 3707 'et
565 3644 600 3705 in
615 3643 677 3707 hac
693 3644 763 3707 vita
779 3664 970 3727 supereum
986 3650 1133 3726 apertcrn
1152 3643 1224 3704 vin-

164 3746 288 3811 dictam
316 3746 505 3811 ostendant.
568 3745 806 3811 Observatores
837 3754 951 3810 autern
982 3745 1083 3808 huius
1114 3746 1221 3808 nostri
