2768 4268
308 367 445 416 rumor>
468 368 515 416 or
537 368 612 415 ran
634 367 757 416 saxos
779 369 983 418 nuruaoss.
1124 357 1165 423 27

109 558 176 601 non
193 543 228 601 et
243 535 459 620 pensionibus
479 543 581 621 atque
597 535 761 612 censibus,
778 537 825 601 ita
849 545 888 602 ut
911 559 1021 622 neque
1043 560 1104 604 nos
1127 562 1166 606 ea

109 641 232 706 facturi
259 641 364 704 simus
392 661 502 725 neque
531 640 737 725 quibuslibet
767 662 806 704 ea
836 640 945 706 faeere
974 643 1164 710 volentibus

35 787 37 790 -
110 747 369 821 consenciamus
386 744 447 809 sed
461 745 574 828 potius
591 745 702 808 omnia
725 766 791 829 que
814 747 968 829 superius
992 746 1163 833 leguntur,

109 851 145 915 id
160 858 212 916 est
227 850 394 935 provintie
412 849 565 913 civitates
582 848 679 912 urbes
696 848 818 933 oppida
837 849 975 913 castella
998 851 1164 915 territoria

109 964 144 1021 et
159 955 360 1040 patrimonia
379 961 481 1038 atque
505 954 633 1018 insulas
656 975 843 1038 censusque
867 961 902 1018 et
924 955 1098 1038 pensiones
1122 955 1165 1019 ad

109 1068 239 1144 partem
254 1060 393 1124 ecclesie
409 1058 497 1123 beati
515 1057 609 1122 Patri
625 1059 768 1142 apostoli
787 1065 889 1143 atque
908 1060 1105 1142 pontificum
1128 1061 1163 1122 in

109 1166 329 1230 sacratissima
344 1163 422 1229 sede
438 1164 530 1228 illius
547 1162 766 1228 residentium
781 1184 841 1226 nos
858 1163 892 1226 in
910 1170 1076 1247 quantum
1094 1185 1166 1248 pos·

109 1291 224 1333 sumus
244 1268 434 1334 defensores
458 1290 528 1333 esse
553 1275 726 1344 testamur,
742 1267 785 1331 ad
806 1267 868 1330 hoc
892 1275 932 1331 ut
954 1289 992 1332 ea
1015 1269 1051 1330 in
1073 1268 1164 1332 illius

110 1373 237 1438 ditione
263 1372 306 1437 ad
330 1373 508 1438 retendum
530 1381 564 1437 et
588 1372 770 1436 fruendum
793 1379 894 1458 atque
919 1372 1164 1457 disponendum

93 1478 249 1541 firmiter
272 1478 407 1541 valeant
432 1478 585 1561 optineri.
632 1475 734 1540 Salva
758 1477 793 1539 in
819 1476 973 1541 omnibus
998 1484 1164 1561 potestate

109 1590 223 1645 nostra
247 1589 282 1646 et
308 1582 369 1644 filii
393 1582 497 1645 nostri
525 1587 802 1665 posterorumque
827 1590 1027 1656 nostrorum,
1051 1604 1166 1646 secun-

110 1685 191 1749 dum
217 1685 307 1768 quod
339 1686 373 1747 in
404 1692 503 1768 pacto
533 1692 569 1749 et
599 1686 840 1749 constitutione
871 1707 909 1750 ac
940 1687 1165 1769 promissionis

110 1789 267 1853 firmitate
293 1789 439 1873 Eugenii
462 1789 629 1872 pontificis
653 1810 950 1874 successorumque
974 1790 1066 1854 illius
1091 1811 1166 1854 oon·

110 1894 248 1969 tinetur,
262 1892 297 1956 id
312 1900 414 1957 estut
427 1895 534 1958 omnis
550 1894 658 1958 clerus
675 1901 710 1958 et
725 1894 875 1959 universi
890 1895 1007 1979 populi
1024 1895 1165 1959 Romani

111 1997 265 2061 nobilitas
278 2005 414 2081 propter
427 1996 574 2062 diversas
587 1999 802 2063 necessitates
819 2006 854 2062 et
868 1999 1066 2083 pontificum
1082 2000 1166 2064 iura·

110 2102 252 2165 tionales
268 2123 348 2187 erga
364 2102 528 2186 populum
543 2101 606 2166 sibi
625 2102 814 2187 subjectum
837 2103 1032 2187 asperitates
1055 2112 1167 2168 retun-

110 2205 235 2270 dendas
247 2215 454 2270 sacramento
467 2228 501 2294 se
515 2205 650 2293 obliget,
665 2207 824 2290 quatinus
838 2206 954 2271 futura
969 2208 1165 2291 pontificum

109 2311 229 2374 electio
237 2317 401 2394 quantum
411 2311 676 2395 uniuscujusque
689 2311 883 2375 intellectus
894 2310 998 2376 fuerit
1007 2313 1164 2376 canonice

109 2423 144 2478 et
158 2416 247 2500 juste
265 2415 333 2490 fiat,
350 2422 385 2479 et
401 2422 440 2478 ut
457 2415 513 2479 ille
531 2417 589 2500 qui
609 2414 651 2478 ad
670 2414 733 2479 hoc
749 2423 904 2479 sanctum
919 2423 1021 2500 atque
1037 2423 1166 2500 aposto-

110 2519 214 2582 licum
226 2520 375 2605 regimen
394 2519 541 2605 eligitur,
558 2520 691 2583 nemine
708 2521 936 2584 consentiente
953 2527 1165 2584 consecratus

109 2622 168 2685 fiat
192 2623 356 2706 pontifex,
383 2624 577 2707 priusquam
603 2624 705 2687 talem
729 2625 764 2686 in
791 2624 958 2708 presentia
988 2624 1165 2687 missorum

110 2735 300 2789 nostrorum
313 2727 368 2790 vel
384 2727 445 2789 filii
462 2727 568 2791 nostri
583 2748 643 2790 seu
656 2728 810 2792 universe
823 2727 1050 2813 generalitatis
1062 2727 1165 2792 faciat

110 2830 361 2912 promissionem
392 2852 452 2914 pro
483 2831 632 2893 omnium
662 2830 890 2896 satisfactione
921 2840 1022 2916 atque
1049 2831 1164 2896 futura

110 2934 372 3008 conservatione,
390 2934 524 3016 qualem
547 2933 690 2998 domnus
714 2942 749 2999 et
771 2934 982 2999 venerandus
1005 2936 1164 3019 spiritalis

109 3044 332 3121 paternoster
357 3036 425 3100 Leo
449 3045 567 3121 sponte
591 3038 709 3102 fecisse
734 3038 930 3102 dinoscitur.
988 3037 1165 3104 Praeterea

109 3141 175 3204 alia
191 3142 318 3204 minora
334 3140 412 3204 huic
431 3142 523 3225 operi
540 3141 713 3206 inserenda
725 3141 940 3226 previdimus
954 3142 1113 3207 videlieet
1126 3151 1165 3207 ut

109 3246 144 3308 in
160 3245 323 3310 electione
341 3246 538 3329 pontificum
555 3267 665 3330 neque
685 3246 769 3309 liber
784 3268 894 3330 neque
917 3268 1034 3310 servus
1058 3246 1163 3311 adhoc

109 3351 222 3414 venire
250 3357 432 3434 presumat,
458 3357 497 3414 ut
524 3350 591 3413 illis
618 3350 776 3413 Romanis
804 3372 887 3435 quos
911 3349 955 3413 ad
978 3350 1063 3415 hano
1083 3351 1165 3415 elec·

109 3455 237 3517 tionem
261 3476 320 3538 per
346 3455 620 3519 constitutionem
647 3461 838 3518 sanctorum
864 3462 999 3538 patrum
1024 3456 1164 3540 antiqua

109 3558 243 3622 admisit
253 3557 469 3633 consuetudo,
481 3558 618 3643 aliquod
627 3558 730 3622 faciat
739 3557 1025 3643 impedimentum,
1035 3559 1164 3644 quodsi

109 3664 185 3747 quis
198 3670 314 3727 contra
330 3663 415 3727 hanc
429 3669 576 3726 nostram
592 3664 841 3727 institutionem
857 3663 903 3727 ire
914 3666 1163 3748 presumpserit,

109 3768 210 3830 exilio
226 3765 388 3830 tradatur.
435 3766 577 3851 Insuper
592 3767 693 3831 etiam
710 3775 749 3831 ut
768 3767 884 3831 nullus
901 3768 1077 3832 missorum
1093 3790 1165 3832 nos·
