2768 4268
162 293 226 355 106
383 308 516 355 suasor
538 307 744 354 uanrmvan
767 305 996 353 nocunrnnrs.

163 485 356 551 moreretur,
383 475 505 539 dilecta
530 496 663 539 consors
691 482 804 538 nostra
831 495 971 560 regnum
999 474 1035 536 in
1060 476 1129 538 vita
1155 495 1218 538 sua

163 590 286 653 teneat,
303 589 337 643 et
353 588 429 663 post
445 587 584 642 mortem
602 600 696 642 suam
713 599 854 663 regnum
878 576 1010 642 Siciliae
1033 576 1078 641 ad
1100 578 1219 642 Roma·
1273 620 1277 625 =

164 706 240 747 nam
257 684 429 747 ecclesiam
453 682 620 746 deveniat.
667 682 718 745 De
742 682 881 766 imperio
905 681 1108 757 ordinemne,
1125 681 1219 766 quod

162 788 316 852 dominus
333 809 417 872 papa
433 796 467 851 et
483 788 620 851 00010010
637 788 786 851 Romana
802 785 889 849 illud
904 784 974 848 filio
990 794 1104 850 nostro
1125 807 1220 849 corn·

163 893 305 967 firment,
322 901 357 955 et
372 913 430 975 pro
446 892 507 954 hac
525 892 775 954 confirmatione
800 891 931 974 imperii
953 897 988 954 et
1010 890 1105 976 regni
1124 890 1219 954 volu·

165 1019 247 1071 mus,
261 996 351 1080 quod
368 1003 439 1059 tota
455 1005 541 1059 terra
558 1004 671 1059 nostra
688 995 875 1058 comitissae
893 993 1068 1058 Mathildis
1085 995 1218 1058 restitu-

163 1110 240 1163 atur
256 1099 389 1162 domino
406 1121 509 1184 papae
534 1106 569 1163 et
593 1100 760 1162 Romanae
778 1098 948 1174 ecclesiae,
965 1105 1096 1182 praeter
1112 1096 1219 1162 Medi·

161 1206 268 1268 sinam
284 1212 319 1267 et
336 1204 532 1289 Argelatam
549 1225 625 1266 cum
642 1225 756 1267 earum
772 1203 994 1287 pertinentiis.

208 1309 253 1371 Et
277 1310 414 1391 insuper
438 1307 629 1370 ordinamus
656 1315 690 1371 et
713 1307 879 1381 volumus
903 1314 942 1370 ut
966 1313 1038 1370 tota
1062 1313 1150 1370 terra
1174 1304 1217 1370 de

164 1413 272 1475 Ponte
297 1412 400 1496 Payle
424 1433 500 1475 cum
525 1411 641 1475 Monte
667 1411 805 1474 Fortino
830 1411 931 1474 libere
955 1410 1146 1474 dimittatur
1162 1409 1219 1474 do-

163 1518 254 1579 mino
284 1537 399 1600 papae,
431 1537 537 1599 usque
569 1515 611 1578 ad
642 1515 862 1599 Ceperanum,
890 1523 924 1578 et
954 1513 1047 1599 quod
1077 1515 1218 1580 ecclesia

164 1622 313 1685 Romana
336 1619 456 1683 habeat
480 1620 631 1682 Mentem
656 1619 853 1682 Flasconem
873 1640 948 1681 cum
969 1618 1123 1682 omnibus
1147 1641 1218 1703 per·

163 1726 315 1788 tinentiis
343 1725 421 1787 suis.
479 1724 620 1806 Insuper
646 1724 867 1808 praecipimus
899 1722 1096 1787 Marcualdo
1126 1744 1218 1788 sene-

162 1831 270 1893 scalco
287 1837 410 1903 nostro,
428 1836 467 1891 ut
482 1828 643 1891 ducatum
660 1828 850 1903 Ravennae,
867 1834 990 1890 terram
1008 1827 1215 1903 Brittonorii‚

160 1943 197 1997 et
213 1933 394 1996 marchiam
412 1933 721 1995 Anconitanensem
737 1932 877 2015 recipiat
895 1951 915 1993 a
930 1931 1065 1995 domino
1080 1953 1166 2017 papa
1182 1940 1216 1997 01

164 2038 312 2101 Romana
328 2037 476 2111 00010010,
494 2044 528 2100 01
543 2043 759 2119 recognoscat
778 2037 878 2099 etiam
902 2036 932 2098 ei
956 2035 1158 2099 Medisinam
1182 2043 1217 2101 et

164 2142 362 2226 Argelatam
386 2162 461 2203 cum
485 2141 553 2203 suis
578 2141 800 2222 pertinentiis.
847 2140 898 2204 De
918 2140 1039 2224 quibus
1063 2141 1216 2205 omnibus

162 2246 256 2309 bonis
280 2246 348 2308 suis
371 2245 585 2307 securitatem
608 2245 638 2306 01
661 2244 759 2327 juret,
777 2252 812 2307 et
828 2243 1027 2308 fidelitatem
1047 2246 1078 2308 ei
1102 2245 1215 2321 iaciat,

160 2353 251 2416 sicut
274 2351 409 2414 domino
434 2373 504 2414 suo.
560 2349 600 2411 In
626 2358 731 2414 morte
758 2372 836 2414 vero
861 2372 921 2414 sua
946 2352 974 2415 si
998 2352 1069 2415 sine
1095 2350 1215 2416 herede

163 2456 350 2530 decesserit,
369 2454 510 2518 ducatus
535 2455 726 2530 Ravennae,
743 2463 832 2517 terra
857 2455 1065 2530 Brittonorii,
1082 2463 1117 2518 et
1135 2477 1217 2518 mar-

161 2561 237 2624 chia
253 2560 424 2634 Anconae,
443 2557 609 2622 Medisina
626 2565 660 2621 01
677 2559 839 2644 Argelata
859 2580 936 2622 cum
958 2560 1027 2623 suis
1051 2560 1217 2643 pertinen·

163 2666 229 2740 tiis,
246 2665 280 2726 in
298 2663 443 2727 dominio
462 2663 629 2726 Romanae
646 2662 805 2726 ecclesiae
822 2670 1025 2727 remaneant.

621 2911 758 2938 —000-—

257 3101 443 3163 INNOGENT
472 3101 520 3162 011
547 3101 620 3161 THE
649 3100 829 3161 Eteonon
857 3101 900 3162 ΟΡ
927 3100 1127 3165 EMPERORS.

167 3271 277 3330 [Mirum
292 3273 376 3317 Patro.
385 3271 439 3315 Lat.
450 3272 519 3315 lnno.
533 3271 585 3324 111,
595 3270 644 3314 vol.
656 3270 709 3324 IV.,
720 3271 784 3315 1065.
812 3270 864 3316 The
875 3275 931 3316 text
942 3272 1001 3317 here
1012 3271 1088 3327 given
1096 3272 1118 3318 is
1125 3272 1183 3318 that
1190 3271 1218 3318 oi

201 3346 464 3403 Ricliter-Friedbcr·g;
481 3345 577 3402 Corpus
588 3344 658 3390 duris
669 3344 799 3399 Canonici,
811 3345 910 3391 Decrot.
922 3345 996 3403 Greg.
1009 3345 1061 3401 IX.,
1074 3347 1092 3390 I.
1102 3347 1124 3401 6,
1135 3343 1183 3404 311]

208 3491 443 3556 Venerabiiem
469 3490 606 3553 fratrem
632 3497 784 3553 nostrum
813 3489 1089 3577 Saizburgensem
1115 3490 1218 3555 archi-

163 3598 365 3680 episcopum,
393 3603 428 3658 01
456 3594 616 3657 dilectum
648 3593 755 3657 filiurn
786 3594 936 3658 abbatem
969 3595 1009 3658 de
1043 3594 1152 3659 Salem
1183 3602 1218 3660 et

162 3700 310 3763 nobilem
347 3700 457 3762 virum
491 3698 717 3761 marchionem
755 3699 960 3774 orientalem,
996 3699 1217 3783 quorumdam
