2768 4268
161 327 202 388 46
381 341 511 388 sunnor
539 341 743 390 imnrmvnn
770 342 997 390 nocunnurs.

162 531 247 593 quae
278 509 319 573 de
347 517 380 574 te
406 511 545 595 vulgata
570 510 766 574 scandalum
793 511 951 576 ecclesiae
978 513 1124 597 pariunt,
1148 536 1215 577 non

161 613 380 688 dissimulare,
408 614 467 677 sed
494 622 621 678 remoto
649 636 668 677 a
695 615 829 699 publica
857 618 1059 680 conscientia
1089 626 1124 682 et
1153 619 1214 682 hoc

162 719 329 801 scrupulo,
354 718 577 782 universalem
605 726 675 782 tam
703 720 861 785 ecclesiae
885 742 987 804 quam
1011 723 1106 807 regni
1130 730 1217 785 tran-

162 823 367 906 quillitatem
383 844 442 907 per
461 831 553 886 tuam
568 825 767 909 sapientiam
783 825 932 888 stabiliri.

490 1016 532 1095 b)
557 1012 713 1077 Edictum
726 1015 885 1095 gencrale.

207 1151 250 1216 H.
269 1151 333 1216 Dei
356 1154 464 1237 gratia
488 1175 555 1228 rex,
579 1153 846 1236 archiepiscopis,
863 1152 1035 1237 episcopis,
1057 1153 1217 1218 marchio-

163 1255 271 1332 nibus,
281 1257 544 1332 comitatibus,et
554 1257 784 1341 cujuscunque
798 1256 972 1343 dignitatis
985 1257 1214 1332 ordini,bonae

164 1385 243 1427 suae
259 1363 445 1426 voluntatis
461 1363 639 1448 gloriosam
652 1362 892 1449 dignationem.
926 1361 1014 1440 Quia
1027 1372 1215 1427 mansuetu-

165 1467 236 1530 dini
253 1475 384 1532 nostrae
404 1476 520 1531 contra
535 1466 647 1531 sedem
663 1468 878 1551 apostolicam
902 1468 1040 1550 ejusque
1058 1489 1216 1530 veneran-

164 1573 245 1636 dum
261 1573 447 1657 praesulem
465 1573 625 1636 domnum
643 1572 844 1659 Gregorium
859 1594 977 1657 papam
990 1571 1031 1634 ab
1047 1572 1215 1655 aliquibus

162 1677 360 1762 subreptum
383 1699 452 1742 esse
476 1678 626 1742 fidelium
650 1686 842 1742 nostrorum
864 1678 1080 1763 suggestione
1104 1698 1216 1762 recog·

163 1778 328 1859 novimus,
339 1783 466 1867 placuit
476 1783 569 1846 nobis
580 1784 722 1867 priorem
731 1784 932 1847 sententiam
943 1782 1067 1845 salubri
1078 1782 1215 1844 consilio

163 1894 303 1961 mutare,
320 1895 354 1951 et
378 1910 466 1951 more
491 1896 738 1952 antecessorum
754 1888 1072 1972 progenitorumque
1090 1892 1215 1949 nostro-

163 2013 238 2054 rum
249 1991 357 2056 eidem
368 1999 597 2055 sacrosanctae
613 1991 685 2054 sedi
698 1993 803 2073 etqui
817 1992 846 2053 ei
859 2012 1007 2074 praeesse
1019 1990 1213 2064 dinoscitur,

164 2095 286 2158 domno
303 2095 464 2180 Gregorio
481 2117 594 2179 papae,
611 2096 796 2179 peremnia
818 2094 964 2157 debitam
986 2115 1118 2157 servare
1144 2094 1217 2156 obe·

164 2199 336 2275 dientiam,
353 2208 387 2263 et
409 2201 437 2263 si
462 2198 545 2282 quid
567 2199 603 2261 in
626 2220 703 2262 eum
726 2199 863 2283 gravius
886 2205 1137 2281 praesumptum
1154 2205 1215 2271 est,

164 2304 368 2388 competenti
395 2302 622 2367 satisfactione
653 2323 850 2385 conponere.
897 2301 1064 2364 Volumus
1091 2308 1215 2375 autem,

164 2416 204 2472 ut
219 2416 254 2472 et
269 2430 328 2472 ros
344 2408 531 2472 serenitatis
547 2414 677 2470 nostrae
691 2406 844 2490 exemplo
857 2405 1030 2468 ammoniti
1042 2406 1215 2467 solennem

164 2512 261 2576 beato
279 2513 379 2576 Petro
396 2512 675 2596 ejusque‘vicario
691 2510 953 2574 satisfactionem
969 2509 1123 2573 exhibere
1147 2530 1215 2570 non

165 2617 336 2692 dubitetis,
352 2618 596 2700 etquicunque
613 2616 684 2700 ejus
705 2614 814 2678 banno
838 2636 872 2678 se
896 2614 1072 2678 adstrictos
1096 2614 1216 2676 intelli-

165 2729 262 2809 gunt,
278 2721 319 2786 ab
334 2721 406 2805 ipso
424 2720 582 2786 videlicet
597 2720 720 2784 domno
736 2740 821 2804 papa
845 2717 1009 2804 Gregorio
1032 2717 1217 2782 solenniter

165 2826 292 2890 absolvi
308 2825 488 2890 elaborent.

619 2990 754 3018 —000—

609 3173 781 3236 OANOSSA.

268 3342 309 3424 a)
334 3338 501 3419 Lettcrrrf
525 3336 671 3420 Gregory
696 3334 772 3400 VII.
790 3300 821 3398 to
842 3334 988 3400 German
1002 3333 1129 3396 Notus.

458 3505 550 3565 [rane
566 3505 622 3550 Bib.
634 3505 692 3550 Rer.
705 3504 773 3558 Gen,
784 3503 816 3547 ΙΙ.
828 3504 872 3547 256
882 3500 931 3560 sq.]

211 3645 395 3730 Gregorius
426 3645 599 3727 episcopus
630 3664 744 3706 servus
775 3661 947 3705 servorum
974 3639 1038 3702 Dei
1065 3637 1218 3701 omnibus

166 3750 432 3835 archiepiscopis,
463 3748 634 3831 episcopis,
666 3745 817 3819 ducibus,
849 3742 1034 3817 comitibus
1069 3742 1219 3806 caeteris·
