2768 4268
406 328 481 373 ran
503 326 804 373 nonnusrnuunu
826 325 972 372 aaaron.
1153 306 1219 370 143

163 520 223 583 pro
258 519 297 561 eo
332 495 424 581 quod
457 502 613 578 nepotem
651 494 736 580 regis
776 492 909 556 Tunicii
946 492 1137 556 venientem
1174 491 1219 556 ad

164 602 349 666 Ecclesiam
366 601 549 663 Romanam
568 620 627 683 pro
648 597 860 681 suscipiendo
883 597 1091 681 baptismatis
1114 618 1218 661 sacra·

164 713 289 781 mento,
306 704 436 768 detinet
458 724 519 766 nec
542 703 654 766 venire
669 702 837 786 permisit.
884 701 970 764 Item
994 702 1217 764 excommuni-

164 831 278 873 camus
291 816 325 872 et
337 807 655 871 anathematizamus
672 804 827 870 eumdem
843 827 953 890 proco
969 804 1061 888 quod
1077 805 1217 869 Petrum

165 912 377 986 Saracenum,
404 911 549 975 nobilem
579 913 685 974 civem
716 911 913 992 Romanum,
937 931 978 973 ex
1005 917 1098 992 parte
1129 911 1220 994 regis

166 1017 291 1103 Anglie
308 1016 350 1079 ad
366 1015 487 1079 Sedem
503 1015 732 1099 Apostolicam
754 1015 945 1078 venientem
968 1015 1057 1097 cepit
1080 1021 1115 1078 et
1137 1013 1219 1077 deti-

165 1130 224 1186 net
254 1122 378 1185 carceri
407 1121 643 1205 mancipatum.
704 1120 791 1184 Item
825 1121 1152 1184 excommunicamus
1183 1128 1218 1184 et

165 1227 482 1294 anathematizamus
499 1224 653 1290 eumdem
670 1247 729 1310 pro
750 1247 789 1289 eo
812 1223 904 1309 quod
927 1233 1031 1288 terras
1055 1224 1216 1300 Ecclesia,

164 1312 294 1396 scilicet
317 1331 512 1404 Ferrariam,
538 1330 780 1415 Pigognanam,
802 1328 1013 1405 Bondenum,
1032 1328 1220 1393 Ferrarien·

164 1458 234 1500 sem
251 1436 408 1499 diocesim
424 1443 459 1499 et
476 1433 739 1509 Bondenensem‚
757 1434 988 1498 Lucanensem
1004 1434 1163 1498 diocesim
1183 1441 1219 1498 et

165 1548 288 1604 terram
301 1539 452 1603 Sardinia
466 1541 653 1623 occupavit,
666 1547 782 1603 contra
797 1539 1023 1623 juramentum
1035 1561 1102 1622 quo
1118 1560 1218 1623 super

166 1644 227 1707 lroc
245 1645 393 1707 Ecclesia
410 1651 544 1706 tenetur
561 1651 684 1707 temere
700 1642 875 1707 veniendo.
921 1642 1008 1706 Item
1031 1665 1220 1706 excommu·
1294 1695 1296 1703 ,

166 1749 315 1811 nicamus
328 1756 363 1811 et
378 1747 696 1811 anathematizamus
713 1746 867 1811 eumdem
881 1769 940 1831 pro
957 1769 995 1810 eo
1009 1747 1101 1831 quod
1113 1755 1218 1811 terras

167 1851 388 1936 quorumdam
415 1851 577 1914 nobilium
601 1850 642 1915 de
665 1873 768 1937 regno
792 1872 875 1935 quas
899 1851 1050 1915 Ecclesia
1073 1851 1218 1928 tenebat,

167 1955 209 2019 ad
232 1977 349 2019 manus
371 1977 448 2019 suas
472 1956 650 2039 occupavit
675 1967 709 2020 et
736 1955 934 2020 devastavit.
980 1956 1067 2018 Item
1090 1977 1222 2020 excom-

167 2060 375 2124 municamus
399 2068 433 2124 ct
456 2060 774 2124 anathematizamus
798 2059 952 2124 eumdem
979 2082 1040 2144 pro
1064 2082 1103 2124 eo
1128 2060 1220 2144 quod

167 2164 328 2249 quasdam
352 2165 508 2229 ecclesias
532 2164 748 2240 cathedrales,
764 2164 923 2229 videlicet
948 2163 1048 2228 Mons
1073 2165 1221 2250 Regalis

168 2268 439 2353 CephaledensiS,
466 2268 710 2346 Goth-aniensis
736 2267 985 2353 Squillaoensis,
1014 2277 1048 2332 et
1075 2268 1231 2353 quedam

167 2375 378 2449 monasteria,
402 2373 555 2438 videlicit
579 2374 769 2450 Militensis‚
791 2361 905 2437 Sancti
929 2371 1093 2448 Eufemie,
1118 2373 1220 2437 Terre

168 2478 305 2562 Majoris
321 2486 356 2542 et
372 2477 486 2542 Sancti
509 2479 530 2541 J
533 2479 649 2542 oannis
664 2479 700 2540 in
717 2478 838 2552 Laruis,
854 2477 950 2541 bonis
965 2478 1035 2541 suis
1050 2478 1219 2561 spoliavit.

168 2581 255 2644 Item
288 2584 617 2645 excommunicamus
648 2594 683 2646 et
713 2583 1032 2645 anathematizamus
1066 2581 1220 2644 eumdem

168 2706 282 2766 proco
304 2684 395 2768 quod
417 2687 522 2749 multe
546 2687 684 2749 ecclesie
709 2686 914 2750 cathedrales
938 2694 972 2749 et
994 2686 1057 2749 alle
1082 2685 1219 2749 ecclesie

168 2795 203 2850 et
219 2790 420 2852 monasteria
436 2788 477 2853 de
499 2811 601 2874 regno
618 2812 678 2873 per
698 2790 850 2872 iniquam
873 2790 1127 2873 inquisitionem
1150 2788 1223 2852 fue·

168 2898 250 2954 runt
268 2891 336 2956 fere
358 2891 453 2956 bonis
476 2893 629 2956 omnibus
652 2893 802 2976 spoliate.
849 2892 935 2957 Item
958 2893 1223 2957 excommunica·

168 3018 242 3058 mus
258 3003 293 3059 et
308 2996 627 3060 anathematizamus
643 2997 799 3061 eumdem
814 3019 873 3081 pro
890 3019 928 3060 eo
944 2996 1036 3080 quod
1059 2998 1094 3059 in
1118 3019 1221 3082 regno

169 3100 351 3183 Tomplarii
368 3108 402 3164 et
419 3100 637 3184 Hospitalarii
661 3100 837 3164 mobilibus
854 3109 888 3165 et
907 3100 1131 3163 immobilibus
1152 3122 1223 3184 spo

169 3204 242 3266 liati
269 3226 335 3267 uon
363 3212 445 3268 sunt
474 3205 570 3289 juxta
600 3212 751 3268 tenorem
781 3205 871 3288 pacis
902 3205 1031 3289 integre
1063 3205 1220 3268 restituti.

169 3307 255 3372 Item
283 3331 342 3393 pro
366 3331 405 3373 eo
429 3308 521 3393 quod
544 3309 637 3373 tallie
662 3316 696 3372 et
719 3310 910 3372 exactiones
938 3315 1053 3372 contra
1081 3307 1222 3370 formam

169 3414 259 3495 pacis
275 3412 317 3476 ab
330 3414 479 3477 ecclesiis
495 3421 530 3476 et
546 3413 755 3477 monasteriis
771 3435 829 3496 per
845 3413 954 3497 ipsum
976 3419 1223 3495 extorquentur

169 3517 204 3593 in
227 3539 339 3601 regna.
386 3516 473 3581 Item
496 3517 823 3581 excommunicamus
847 3524 882 3580 et
904 3516 1222 3580 anathematizamus

170 3621 325 3684 eumdem
348 3642 407 3704 pro
430 3642 469 3684 eo
493 3620 584 3704 quod
606 3622 641 3683 in
667 3643 770 3706 regno
797 3621 1013 3685 ecclesiarum
1040 3619 1160 3704 prelati
1188 3627 1223 3682 et

170 3724 303 3788 abbates
326 3724 564 3789 Cistercienses
580 3733 615 3789 et
631 3724 774 3787 aliorum
798 3723 951 3788 ordinum
977 3723 1227 3807 compelluntur
