2768 4268
394 316 469 364 run
492 313 791 363 nonnnsrsurnn
814 312 960 361 Panion.
1143 298 1207 362 129

150 489 245 555 vobis
260 488 385 572 scripta
400 483 615 570 precipiendo
631 482 829 547 mandantes
846 491 1013 567 quatenus
1037 483 1098 548 hec
1118 488 1206 553 clero

148 603 185 659 et
208 593 341 678 populis
364 591 458 655 vobis
482 589 628 654 comissis
652 587 796 652 fideliter
821 595 1027 672 exponentes
1050 611 1088 655 ac
1112 592 1208 657 indu·

148 707 265 762 centes
295 694 430 760 eosdem
464 700 504 756 ut
536 691 579 756 ad
611 692 671 756 hec
707 690 905 775 exequenda
937 693 1098 759 studeant
1129 719 1205 762 suos

148 804 277 866 animos
301 820 494 885 preperare3
517 798 606 881 ipsos
627 796 670 859 ad
691 794 927 860 vindicandam
950 798 1107 883 injuriam
1124 802 1206 867 Jesu

150 906 280 969 Christi
303 903 429 968 sedulis
453 901 740 967 exhortationibus
769 903 920 967 invitetis
948 912 987 968 ut
1014 928 1090 970 cum
1117 909 1205 992 ipsos

149 1012 334 1096 apostolica
351 1008 453 1074 Sedes
472 1009 586 1072 habito
610 1010 782 1073 maturiori
808 1019 954 1075 tractatu
977 1011 1206 1075 sollicitandos

151 1115 346 1200 providerit,
363 1122 533 1198 promptos
552 1114 704 1177 inveniat
720 1122 754 1179 et
770 1124 912 1199 paratos.
959 1115 1063 1179 Porro
1080 1138 1120 1180 ne
1137 1124 1207 1179 tan-

149 1242 254 1305 quam
270 1241 367 1284 canes
384 1219 480 1294 muti,
493 1240 561 1281 non
577 1218 729 1282 valentes
746 1220 867 1284 latrare
886 1219 1059 1284 videamur
1075 1219 1205 1284 deferre

151 1326 279 1389 homini
295 1333 411 1389 contra
427 1324 548 1398 Deum,
562 1345 628 1386 non
645 1332 816 1388 sumentes
834 1325 995 1389 ultionem
1014 1324 1054 1388 de
1072 1325 1131 1388 illo
1148 1326 1206 1408 qui

150 1438 281 1494 tautam
304 1430 436 1493 ruinam
458 1429 493 1491 in
517 1427 582 1492 Dei
605 1429 729 1513 populo
754 1429 955 1512 procuravit,
975 1430 1206 1513 imperatorem

154 1535 362 1598 Fridericum
386 1533 445 1616 qui
468 1553 529 1596 nec
554 1533 786 1597 transfretavit
809 1533 844 1595 in
868 1534 1021 1608 termino,
1040 1555 1102 1597 nec
1126 1533 1206 1596 illuc

152 1640 189 1701 in
204 1638 327 1701 taxatis
343 1637 504 1722 passagiis
520 1637 737 1720 prescriptam
752 1637 929 1720 pecuniam
941 1636 1133 1712 destinavit,
1146 1658 1207 1700 nec

151 1742 254 1806 duxit
281 1741 371 1805 mille
399 1741 523 1804 milites
547 1763 606 1824 per
628 1739 800 1805 biennium
828 1740 990 1804 tenendos
1017 1740 1140 1805 ibidem
1165 1740 1208 1803 ad

151 1868 253 1910 sunm
276 1867 337 1930 pro
359 1844 508 1908 subsidio
531 1852 618 1909 terre
642 1852 766 1920 sancte,
787 1844 847 1909 sed
870 1845 905 1907 in
929 1845 979 1908 his
1003 1845 1109 1908 tribus
1132 1846 1209 1908 arti-

153 1952 238 2015 culis
254 1950 431 2014 manifeste
445 1948 602 2013 deficiens
617 1949 653 2011 in
671 1949 1025 2013 excommunicationis
1043 1948 1207 2033 descripte

154 2056 313 2139 laqueum
333 2054 508 2117 ultroneus
531 2075 565 2117 se
589 2054 738 2139 ingessit,
757 2054 1083 2118 excommunicatum
1107 2075 1210 2137 quan-

154 2181 257 2244 quam
273 2159 372 2222 inviti
387 2158 520 2243 publice
537 2158 776 2233 nuntiavimus,
790 2165 825 2221 et
839 2156 1035 2221 mandamus
1052 2157 1093 2222 ab
1109 2159 1210 2220 omni-

155 2263 218 2328 bus
234 2265 357 2328 arctius
374 2263 503 2338 evitari,
521 2284 580 2347 per
594 2283 654 2327 vos
670 2270 705 2327 et
720 2262 803 2326 alios
826 2262 1040 2327 ecclesiarum
1065 2262 1209 2345 prelatos

155 2370 265 2453 ipsum
285 2368 618 2433 excommunicatiem
644 2367 866 2451 precipientes
892 2366 1025 2450 publice
1051 2368 1209 2441 nuntiari,

152 2482 272 2538 eontra
287 2474 396 2558 ipsum
411 2473 440 2536 si
456 2473 666 2536 contumacia
679 2472 751 2556 ejus
767 2472 918 2557 exegerit
933 2472 1068 2557 gravius
1084 2493 1211 2556 proces·

153 2579 236 2640 suri.
283 2576 491 2639 Confidimus
507 2584 619 2640 tamen
638 2575 747 2639 adhuc
771 2577 807 2638 in
830 2576 1006 2639 clementia
1029 2576 1075 2660 pii
1101 2575 1210 2639 Patris

156 2683 216 2764 qui
239 2681 407 2744 neminem
432 2680 507 2744 vult
530 2702 643 2763 perere
669 2679 760 2763 quod
784 2680 856 2764 ejus
880 2680 1001 2743 mentis
1025 2679 1113 2743 oculi
1137 2680 1212 2742 cali-

157 2793 276 2871 gantes
292 2784 354 2848 hoc
371 2785 596 2848 ecclesiastico
613 2783 755 2848 delibuti
778 2784 927 2868 collyrio,
943 2784 993 2847 sin
1017 2804 1083 2846 non
1108 2783 1211 2847 fuerit

158 2891 293 2954 omnino
323 2890 465 2964 rebellis
496 2891 622 2954 lumine
655 2896 814 2974 poterunt
845 2887 1017 2962 illustrari,
1049 2895 1087 2950 ut
1116 2908 1211 2950 suam

155 2996 322 3078 aspiciant
349 2994 538 3058 nuditatem
561 3002 596 3058 et
619 2994 836 3081 ignominiam
862 3012 963 3075 quain
990 2991 1132 3054 incurrit
1158 2989 1213 3052 ad·

158 3107 312 3173 vertant;
343 3100 456 3183 sicque
488 3107 637 3163 recurrat
667 3099 709 3162 ad
741 3097 906 3163 medicum
934 3103 968 3158 et
998 3094 1041 3157 ad
1073 3102 1211 3158 matrem

160 3203 345 3266 Ecclesiam
368 3211 556 3267 revertatur
572 3226 630 3288 per
649 3203 875 3266 humilitatem
900 3197 1045 3264 debitam
1064 3208 1099 3263 et
1121 3199 1214 3261 satis·

159 3306 340 3371 factionem
363 3329 556 3391 congruam,
579 3308 698 3371 salutis
722 3305 867 3371 remedia
893 3312 1099 3388 recepturus,
1145 3301 1212 3365 Nos

157 3413 249 3475 enim
266 3412 336 3496 ejus
352 3411 495 3475 salutem
515 3413 548 3473 in
570 3411 724 3486 Domino,
741 3433 808 3475 non
826 3411 1000 3475 interitum
1017 3405 1213 3471 affectamus

158 3537 261 3599 quem
277 3514 318 3579 ab
333 3516 413 3578 clim
429 3516 557 3580 sincere
575 3514 765 3591 dileximus,
782 3516 817 3578 in
840 3515 960 3578 minori
985 3513 1087 3578 etiam
1106 3509 1213 3575 officio

159 3620 348 3683 constituti.

205 3722 331 3786 Datum
350 3722 515 3808 Anagnie,
531 3731 628 3789 sexto
644 3722 719 3788 idus
736 3722 888 3798 octobris,
904 3722 1119 3807 pontificatus
1144 3741 1216 3784 nos-

159 3828 203 3891 tn‘
221 3849 308 3891 anno
324 3827 441 3912 primo.
