2768 4268
397 310 471 356 run
495 310 796 357 nonnusrausnu
818 311 964 358 Panion.
1145 293 1208 358 103

198 476 247 542 21.
281 477 331 542 Ι)6
349 479 593 564 Argentinensi
609 485 721 542 autem
745 487 780 542 et
804 478 980 542 Basiliensi
1004 479 1102 543 dictis
1126 481 1208 564 epis-

151 582 258 666 copia,
268 582 327 665 qui
340 581 485 646 ordinati
497 581 637 646 fuerunt
653 604 672 645 a
690 582 845 646 Gnidone
859 583 1030 646 Cremensi
1043 585 1079 645 iu
1091 582 1208 647 eodem

152 707 266 770 regno,
283 706 302 748 a
318 685 475 769 predictis
492 685 732 750 mediatoribus
749 687 981 750 committetur
1004 686 1038 749 X
1055 687 1109 750 vel
1133 696 1208 751 octo

152 812 238 875 quos
265 790 328 874 ipsi
353 789 526 875 elegerint,
552 791 610 873 qui
637 791 777 873 prestito
804 791 993 874 juramento
1016 791 1208 867 firmabunt,

152 895 246 979 quod
268 893 356 956 illud
378 894 557 957 consilium
581 893 621 957 de
646 895 726 977 ipsis
751 894 900 957 Romano
924 895 1074 977 pontifici
1098 904 1132 959 et
1155 895 1210 959 do

152 1001 244 1063 mino
259 999 451 1082 imperatori
469 997 598 1062 dabunt
613 998 705 1082 quod
721 998 868 1062 viderint
883 1020 916 1062 se
933 1000 1091 1062 canonice
1112 1021 1207 1082 posse

152 1103 231 1168 dare
249 1103 373 1187 absque
390 1103 539 1186 periculo
562 1103 692 1166 scilicet
714 1104 823 1166 anime
848 1094 974 1165 domini
997 1124 1081 1186 pape
1098 1110 1133 1166 et
1155 1102 1210 1166 do-

153 1208 236 1271 mini
262 1208 470 1292 imperatoris
498 1215 532 1270 et
562 1228 631 1282 sue,
659 1213 694 1270 et
721 1205 876 1270 dominus
903 1228 989 1290 papa
1015 1206 1209 1290 adquiescet

151 1334 270 1376 eorum
286 1311 434 1375 consilio.

198 1415 250 1478 22.
282 1415 447 1479 Dominus
468 1422 582 1478 autem
605 1436 691 1499 papa
714 1423 749 1479 et
773 1437 888 1494 onmes
912 1414 1097 1479 cardinales
1120 1415 1209 1479 sicut

152 1526 353 1604 receperunt
391 1519 566 1582 dominum
605 1520 840 1603 imperatorem
879 1518 1136 1609 F(rederioum)
1172 1521 1207 1581 in

154 1625 378 1688 Romanorum
404 1632 438 1687 et
463 1623 666 1687 catholicum
698 1625 940 1707 imperatorem,
967 1624 1015 1687 ita
1046 1624 1209 1707 recipient

154 1728 381 1812 B(eatrioem)
415 1726 548 1791 felicem
580 1750 719 1792 uxorem
755 1729 828 1812 ejus
866 1729 900 1790 in
939 1728 1136 1792 catholicam
1174 1735 1209 1791 et

154 1833 381 1896 Romanorum
398 1833 652 1916 imperatricem,
669 1834 716 1896 ita
733 1841 844 1896 tamen
867 1832 958 1916 quod
981 1833 1052 1915 ipsa
1075 1854 1208 1896 corone·

153 1945 253 2001 tura
280 1937 413 2000 domino
440 1958 525 2021 papa
551 1936 788 2020 A(lexandro)
816 1937 869 1999 vel
899 1957 918 1998 a
949 1937 1060 2022 legato
1092 1937 1207 2020 ipsius.

154 2041 339 2104 Dominum
356 2050 468 2105 autem
487 2041 674 2106 Henricum
690 2041 797 2104 filium
813 2061 928 2103 eorum
951 2041 985 2102 in
1005 2040 1209 2104 catholicum

152 2168 266 2231 regem
282 2147 453 2229 recipient.
961 2229 963 2233 Α

199 2250 249 2312 23.
282 2249 405 2313 Pacem
430 2251 531 2314 etiam
559 2271 673 2314 veram
700 2248 844 2313 reddent
873 2248 1029 2313 dominus
1060 2271 1144 2334 papa
1175 2257 1210 2313 et

125 2354 338 2418 ·cardinales
371 2353 504 2417 domino
536 2355 729 2439 imperatori
761 2353 979 2437 F(rederico)
1011 2362 1045 2417 et
1075 2354 1207 2417 domine

153 2458 356 2542 imperatrici
386 2459 571 2541 B(eatrici)
599 2466 633 2522 et
661 2459 809 2522 Henrico
835 2459 905 2543 regi
933 2459 1001 2521 filio
1029 2480 1144 2522 eorum
1174 2467 1209 2522 et

154 2565 318 2627 universis
341 2562 550 2646 adjutoribus
574 2564 732 2646 ipsorum,
750 2563 851 2626 salvis
875 2585 940 2646 (1116
965 2561 1006 2626 de
1029 2563 1209 2645 spirituali-

154 2667 215 2730 bus
237 2667 445 2750 dispositioni
470 2675 505 2730 et
527 2667 648 2750 juditio
672 2668 798 2729 domini
822 2688 905 2750 pape
927 2666 1155 2749 Aderandri)
1174 2674 1209 2729 et

156 2771 302 2834 Romane
321 2771 459 2834 ecclesie
477 2772 624 2854 presenti
647 2773 771 2854 scripto
795 2771 1035 2853 relinqurmtur
1059 2779 1093 2834 et
1115 2771 1209 2832 salvo

154 2875 245 2936 omni
261 2875 333 2958 jure
353 2875 500 2936 Romane
518 2874 655 2937 ecclesie
673 2874 831 2937 adversus
849 2874 1074 2937 detentatores
1098 2896 1209 2936 rerum

155 2978 243 3039 beati
270 2977 362 3039 Petri
390 2984 424 3040 et
450 2979 551 3040 salvis
579 2977 629 3040 his
658 3000 722 3060 que
750 2979 932 3061 prescripta
955 2987 1034 3040 sunt
1057 2986 1125 3040 tarn
1150 3001 1209 3061 pro

156 3091 249 3164 purte
276 3080 412 3144 ecclesie
439 3103 540 3164 quom
564 3102 624 3164 pro
652 3090 745 3164 parte
777 3081 902 3144 domini
935 3083 1143 3164 imperatoris
1175 3090 1209 3145 et

154 3186 294 3268 imperii.

200 3288 251 3351 24.
284 3288 406 3353 Pacem
422 3311 500 3353 vero
517 3289 698 3373 predictam
716 3290 885 3372 promittit
901 3289 1055 3352 dominus
1071 3311 1156 3372 papa
1174 3311 1208 3352 se

153 3393 410 3457 observaturum
428 3394 463 3455 in
480 3393 581 3456 verbo
599 3394 749 3457 veritatis
773 3401 807 3457 et
830 3415 943 3457 onmes
967 3393 1152 3456 cardinales
1176 3402 1210 3457 et

154 3499 370 3584 privilegium
387 3498 464 3561 inde
481 3497 584 3561 faciet
603 3519 680 3560 curn
703 3497 946 3582 subscriptione
971 3498 1119 3561 omniurn
1143 3519 1210 3560 car·

154 3601 329 3665 dinalium.
368 3601 436 3685 Ipsi
453 3603 553 3665 etiam
570 3601 753 3666 cardinales
769 3603 932 3686 seriptum
949 3601 1208 3665 confirmationis

155 3706 302 3790 predicte
314 3706 403 3790 pacis
416 3705 541 3769 facient
554 3728 631 3770 cum
643 3707 851 3790 appositione
864 3706 1051 3792 sigillorum
1060 3727 1208 3769 suorum.
