2768 4268
408 361 484 407 run
508 358 807 407 nonnusrnurnu
830 357 976 404 rnaron.
1155 338 1219 402 145

163 627 240 689 THE
268 624 489 687 DEPOSITION
517 624 560 686 oF
574 622 783 685 PRBDERIOK
810 622 850 683 II.
878 621 929 682 ΒΥ
957 621 1031 682 THE
1063 620 1221 682 uouuuu

452 738 495 800 oF
522 737 641 799 Lucus
671 737 753 818 (tuly
774 738 816 810 17,
839 737 934 815 1245).
971 762 975 772 ¹

580 905 670 966 [ra-u,
683 907 727 952 vr.
740 903 803 964 sm]

131 1042 135 1050 ⁵
211 1053 430 1118 Innocentius
461 1052 644 1137 episcopus,
677 1073 793 1115 servus
823 1072 995 1114 servorum
1026 1050 1100 1126 Dei,
1127 1071 1220 1114 sacro

164 1166 320 1242 presente
344 1157 494 1233 consilio,
517 1156 560 1219 ad
582 1157 630 1219 rei
654 1156 846 1220 memoriam
870 1155 1116 1238 sempiternam.
1164 1153 1221 1217 nd

161 1263 346 1346 apostolice
371 1261 546 1348 dignitatis
577 1262 714 1345 apicem,
741 1261 822 1324 licet
851 1259 992 1345 indigni,
1022 1257 1216 1344 dignatione

163 1366 279 1445 divine
292 1368 475 1449 majestatis
488 1366 659 1448 assumpti,
673 1366 824 1426 omnium
836 1364 1093 1426 christianorum
1105 1384 1218 1426 curam

166 1453 263 1556 vigili
278 1470 462 1552 sedulaque
479 1470 617 1532 solercia
634 1490 748 1553 gerere
766 1489 802 1531 ac
816 1469 933 1530 intime
945 1466 1217 1530 considerationis

164 1574 264 1635 oculo
280 1574 489 1657 singulorum
507 1572 691 1635 discerncre
709 1573 828 1635 merita
844 1592 881 1634 ac
902 1570 1038 1654 provide
1063 1570 1221 1634 delibera·

165 1661 267 1739 tionis
289 1684 414 1738 statera
437 1675 556 1738 librare
581 1674 757 1749 debemus3
782 1682 821 1738 ut
844 1696 927 1758 quos
951 1675 1032 1759 justi
1048 1675 1144 1760 vigor
1167 1697 1221 1738 ex-

165 1780 287 1842 aminis
304 1780 423 1864 dignos
440 1778 634 1853 ostenderit,
649 1779 805 1864 congruis
823 1779 1016 1841 attollamus
1030 1777 1218 1853 favoribus3

164 1905 251 1966 quos
264 1890 377 1947 autem
390 1904 471 1957 reos,
484 1884 579 1966 penis
592 1882 713 1947 debitis
726 1883 950 1967 deprimamus
962 1906 969 1956 ;
993 1881 1221 1965 adpendentes

163 2009 296 2070 semper
322 1987 479 2050 meritum
510 1994 546 2050 et
572 1988 737 2070 premium
761 2008 848 2071 equa
873 1987 979 2060 lance,
1006 1985 1221 2050 retribuendo

164 2091 289 2174 cuique
310 2092 407 2175 juxta
430 2091 627 2174 qualitatem
652 2092 759 2175 operis
782 2113 867 2176 pene
883 2090 1067 2177 velgratie
1091 2091 1223 2174 quanti·

166 2203 281 2259 tatem.
328 2193 414 2259 Sane
432 2216 508 2258 cum
527 2195 600 2259 dira
622 2217 818 2282 guerrarum
842 2195 1019 2259 commotio
1043 2194 1221 2258 nonnullas

165 2298 382 2383 professionis
400 2299 578 2364 christiane
596 2300 783 2384 provincias
799 2285 938 2364 'diucius
962 2298 1144 2373 afflixisset,
1161 2321 1221 2362 nos

166 2412 239 2467 toto
255 2405 429 2487 cupientes
452 2405 572 2468 mentis
596 2403 722 2468 affectu
746 2405 1025 2489 tranquillitatem
1049 2411 1083 2467 et
1106 2425 1221 2488 paoem

168 2506 317 2571 Ecclesie
333 2516 447 2571 sancte
465 2509 530 2572 Dei
547 2529 585 2571 ac
610 2509 811 2594 generaliter
828 2519 951 2572 cuncto
974 2509 1099 2592 populo
1124 2508 1222 2571 chris-

166 2611 260 2674 tiano
276 2612 453 2676 restituere
474 2620 509 2675 et
531 2611 700 2687 reducere,
717 2613 760 2676 ad
785 2612 1000 2676 Fredericurn
1024 2613 1221 2696 precipuum

167 2715 351 2798 principem
368 2716 562 2789 secularem,
581 2716 774 2801 hujusmodi
791 2716 1005 2780 dissentionis
1029 2724 1064 2779 et
1087 2716 1223 2780 tribula·

165 2819 269 2880 tionis
300 2826 455 2892 actorem,
488 2840 506 2880 a
537 2819 644 2882 felicis
675 2819 913 2883 recordationis
945 2819 1107 2905 Gregorio
1138 2841 1222 2904 papa

167 2922 400 3004 predecessore
432 2930 545 2985 nostro
576 2945 636 3007 pro
670 2925 740 2986 suis
774 2924 964 2987 excessibus
1001 2923 1221 2987 anatheniatis

167 3026 304 3088 vinculo
328 3026 537 3101 innodatum,
553 3027 711 3110 speciales
736 3029 877 3091 nuncios
901 3050 1020 3113 magne
1045 3029 1223 3091 auctorita-

166 3131 211 3191 tis
235 3131 332 3204 viroS,
357 3129 516 3194 videlicet
539 3132 743 3195 venerabiles
768 3131 885 3195 fratres
910 3140 1040 3195 nostros
1066 3131 1104 3193 P.
1123 3132 1223 3194 niba-

168 3254 314 3299 nensenr,
343 3241 424 3296 tunc
454 3233 758 3320 Rothonragensem
787 3235 1083 3319 archiepiscopum,
1108 3244 1142 3299 et
1166 3235 1221 3297 W.

165 3335 384 3400 Sabinensern
417 3346 509 3411 tunc,
533 3338 701 3421 quondam
727 3339 965 3413 Mutinensem,
990 3341 1160 3424 episcopos
1184 3361 1221 3402 ac

165 3440 330 3503 dilectum
348 3441 454 3503 filiuni
472 3451 623 3506 nostruin
642 3442 863 3507 Guillelmunr
882 3444 1024 3506 Basilice
1045 3442 1221 3507 duodecim

169 3544 409 3627 Apostolorum
448 3546 678 3630 presbyterum
713 3547 925 3623 cardinalem,
957 3555 1038 3611 tunc
1071 3547 1222 3611 abbatem

166 3648 283 3712 Sancti
313 3649 473 3725 Facundi,
498 3651 556 3734 qui
582 3650 725 3715 salutern
752 3651 960 3715 zellabantur
986 3653 1099 3736 ipsine,
1128 3651 1223 3714 duxi-

168 3774 242 3814 nrus
260 3752 494 3828 destinandos3
518 3754 679 3819 facientes
695 3756 757 3819 sibi
773 3757 914 3840 proponi
931 3779 991 3840 per
1014 3757 1112 3840 ipsoS,
1130 3755 1223 3839 quod
