2768 4268
410 326 485 371 run
508 323 808 378 Hoflnnsrnurnn
830 324 975 371 Panion.
1158 307 1220 372 139

166 497 202 559 in
218 496 283 560 hiis
298 516 357 579 pro
373 494 495 579 quibus
512 494 651 558 ecclesia
667 492 840 578 fidejussit.
886 493 973 558 Item
986 501 1025 558 ut
1036 493 1221 559 satisfaciat

166 600 208 664 de
232 599 421 674 mobilibus,
442 598 586 682 injuriis,
609 596 760 681 dampnis
783 589 887 660 illatis
911 598 1119 682 Templariis,
1138 598 1222 661 Hos·

167 705 291 789 pitaliis
319 711 354 767 et
380 703 453 766 aliis
480 703 629 786 personis
652 702 894 779 ecclesiasticis,
918 704 1069 767 terminis
1092 726 1222 787 compe·

166 808 315 874 tentibus
349 806 390 870 ab
423 806 563 871 ecclesia
595 806 814 893 assignandis.
872 807 958 871 Item
995 807 1086 891 quod
1116 829 1135 871 a
1166 807 1219 872 die

166 913 388 977 absolutionis
403 933 510 995 usque
528 911 570 974 ad
585 919 660 974 acto
680 933 808 976 menses
832 920 950 976 caveat
973 913 1110 977 ecclesie
1134 912 1220 977 bona

167 1017 232 1082 fide
248 1039 307 1102 per
323 1016 535 1101 fidejussores
558 1015 696 1080 idoneos
719 1023 754 1080 et
776 1017 912 1102 juratos
929 1018 1105 1102 principes
1123 1019 1218 1081 comi-

167 1129 217 1186 tes
239 1129 273 1186 et
295 1120 434 1185 barones
459 1120 657 1198 Theutonie,
674 1129 709 1186 et
732 1122 869 1185 comites
892 1128 927 1186 et
949 1121 1087 1186 barones
1112 1122 1221 1186 Theu-

166 1228 267 1302 tcnie,
281 1233 316 1290 et
331 1226 485 1291 comunia
501 1226 678 1289 civitatum
695 1225 902 1301 Lombardie,
920 1226 1052 1302 Tuscia,
1070 1226 1219 1291 Marchie

166 1339 202 1396 et
224 1331 441 1416 Romagnole,
461 1337 496 1394 et
519 1330 711 1394 earumdem
733 1331 980 1414 provinciarum
1003 1331 1219 1406 marchiones,

165 1437 305 1500 comites
337 1443 371 1499 et
401 1434 540 1498 barones
572 1456 656 1517 quos
687 1434 826 1497 ecclesia
856 1434 1052 1510 nominabit,
1081 1457 1147 1519 que
1178 1434 1221 1498 ad

166 1540 420 1623 requisitionem
435 1539 573 1601 ecclesie
591 1544 772 1601 tencantur
788 1539 939 1602 assistere
954 1539 1091 1603 ecclesie
1104 1547 1221 1603 contra

166 1644 273 1718 illum,
291 1642 396 1705 donec
419 1641 615 1715 satisfaciat,
631 1642 660 1704 si
683 1641 840 1705 mandata
864 1642 1002 1706 ecclesie
1023 1665 1091 1706 non
1113 1665 1221 1708 serva·
1257 1709 1259 1713 ,

166 1748 263 1822 verit,
279 1747 334 1809 vel
350 1767 465 1829 pacem
482 1744 630 1830 fregerit,
647 1766 707 1808 seu
723 1753 847 1808 terram
870 1747 1008 1810 ecclesie
1026 1748 1081 1810 vel
1104 1769 1221 1811 eorum

166 1859 270 1915 terras
294 1871 377 1934 quas
401 1848 540 1913 ecclesia
563 1856 657 1913 tenet
680 1847 723 1911 ad
745 1871 863 1913 manus
886 1871 963 1913 suas
986 1851 1041 1915 vel
1065 1873 1220 1935 personas

165 1978 281 2019 eorum
306 1954 433 2038 ceperit
462 1954 636 2037 occuparit
662 1954 717 2018 vel
748 1953 940 2030 devastarit,
970 1963 1005 2019 et
1033 1955 1122 2019 infra
1152 1964 1220 2020 tres

166 2081 296 2124 menses
311 2060 340 2123 si
362 2057 524 2122 fueritin
546 2080 659 2144 regno,
675 2058 704 2122 si
726 2059 762 2122 in
786 2058 886 2122 Italia
909 2058 997 2123 infra
1020 2068 1176 2144 quatuor,
1192 2063 1221 2124 si

165 2171 278 2228 autem
294 2170 389 2228 extra
406 2162 539 2226 ltaliam
555 2162 643 2226 infra
659 2164 809 2248 quinque
827 2185 948 2227 canon
965 2164 1101 2228 duxerit
1112 2187 1220 2229 emen-

165 2269 294 2344 danda3
325 2276 360 2332 et
389 2284 489 2352 super
516 2267 577 2331 hoc
606 2266 737 2331 dabunt
760 2268 899 2332 ecclesia
923 2278 1029 2332 cartas
1057 2290 1134 2332 suas
1159 2291 1238 2333 suo.

163 2375 277 2460 sigillo
293 2374 449 2436 munitas.
492 2371 706 2458 Injungimus
723 2394 857 2457 quoque
874 2374 905 2436 ei
921 2373 1012 2457 quod
1027 2373 1115 2437 infra
1126 2376 1221 2458 quin-

164 2478 273 2542 decim
285 2478 356 2541 dies
368 2485 499 2541 certum
510 2478 670 2539 nuntium
682 2478 798 2540 mittat
810 2477 853 2540 ad
865 2479 1002 2553 curiam,
1013 2479 1072 2561 qui
1082 2479 1221 2562 recipiat

165 2585 299 2645 nomina
315 2582 450 2644 illorum
466 2603 610 2663 quorum
634 2580 883 2664 fidejussionem
904 2583 1053 2667 requiret
1068 2582 1217 2646 ecclesia.

166 2684 237 2748 Hec
260 2693 378 2748 'autem
409 2685 520 2747 onmia
550 2683 743 2767 supradicta
773 2685 968 2749 mandamus
1000 2688 1041 2762 ei,
1065 2687 1218 2750 omnibus

164 2788 376 2852 cautionibus
392 2789 427 2850 in
443 2809 503 2850 sna
519 2789 714 2871 integritate
731 2790 943 2853 manentibus
967 2791 1048 2853 olim
1071 2793 1218 2874 prestitis

164 2914 224 2976 pro
237 2893 373 2977 negotio
391 2891 493 2955 Terre
506 2899 630 2967 sancte,
644 2899 683 2954 ut
695 2915 753 2976 pro
766 2894 825 2956 illo
838 2893 1022 2957 satisfaciat
1033 2895 1219 2958 secundum

165 2996 256 3080 quod
286 2996 426 3060 ecclesia
456 2995 633 3058 ordinabit.
680 2994 714 3058 Si
746 2997 829 3080 quid
853 3007 965 3061 autem
992 3020 1011 3061 a
1038 2999 1133 3062 nobis
1160 3022 1219 3084 per

163 3101 419 3185 occupationem
444 3100 499 3164 vel
531 3100 695 3163 incuriam
725 3108 775 3164 est
806 3103 964 3164 omissum
996 3102 1036 3166 de
1065 3103 1127 3167 hiis
1153 3127 1218 3188 que

164 3206 319 3269 mandare
337 3204 522 3279 debuimus,
539 3204 674 3267 domino
698 3204 788 3288 Pape
811 3206 1031 3270 reservetur.”
1078 3208 1134 3270 Ad
1158 3209 1217 3273 hec

164 3310 440 3394 protestationem
478 3308 647 3393 quandam
684 3309 838 3373 fecerunt
875 3311 910 3372 in
943 3311 1033 3375 hunc
1072 3314 1214 3378 modum.

164 3414 425 3479 “Protestamur
456 3414 548 3499 quod
578 3413 733 3478 dominus
765 3414 856 3499 Papa
887 3416 963 3479 vult
993 3417 1054 3479 sibi
1086 3421 1217 3483 restitui

162 3543 325 3606 expensas
350 3544 432 3607 quas
456 3530 552 3585 extra
574 3542 716 3606 regnum
739 3528 854 3584 coacta
876 3529 928 3585 est
950 3523 1090 3586 ecclesia
1109 3525 1217 3590 facere

163 3648 222 3709 pro
254 3627 490 3691 ecclesiasitica
521 3625 675 3690 libertate
706 3647 743 3689 ac
775 3626 862 3689 beati
894 3626 986 3690 Petri
1020 3630 1218 3712 patrimonio

163 3729 432 3793 conservandis.”
480 3729 845 3793 Excommunicationis
861 3752 996 3815 quoque
1016 3734 1218 3797 sententiam
