<?xml version="1.0" encoding="UTF-8"?>
<!DOCTYPE html PUBLIC "-//W3C//DTD XHTML 1.0 Transitional//EN"
    "http://www.w3.org/TR/xhtml1/DTD/xhtml1-transitional.dtd">
<html xmlns="http://www.w3.org/1999/xhtml" xml:lang="en" lang="en">
 <head>
  <title>
</title>
<meta http-equiv="Content-Type" content="text/html;charset=utf-8" />
  <meta name='ocr-system' content='tesseract 3.04.00' />
  <meta name='ocr-capabilities' content='ocr_page ocr_carea ocr_par ocr_line ocrx_word'/>
</head>
<body>
  <div class='ocr_page' id='page_1' title='image "./selectmediaeval00mathgoog_0044.png"; bbox 0 0 2768 4268; ppageno 0'>
   <div class='ocr_carea' id='block_1_1' title="bbox 297 324 1220 388">
    <p class='ocr_par' dir='ltr' id='par_1_1' title="bbox 297 324 1220 388">
     <span class='ocr_line' id='line_1_1' title="bbox 297 324 1220 388; baseline 0.003 -3"><span class='ocrx_word' id='word_1_1' title='bbox 297 340 434 387; x_wconf 75' lang='lat' dir='ltr'>Parnon</span> <span class='ocrx_word' id='word_1_2' title='bbox 456 340 502 387; x_wconf 83' lang='lat' dir='ltr'>OF</span> <span class='ocrx_word' id='word_1_3' title='bbox 525 340 599 385; x_wconf 81' lang='grc' dir='ltr'>ΤΗΕ</span> <span class='ocrx_word' id='word_1_4' title='bbox 621 339 864 387; x_wconf 82' lang='lat' dir='ltr'>FRANOONIAN</span> <span class='ocrx_word' id='word_1_5' title='bbox 887 340 1091 388; x_wconf 81' lang='lat' dir='ltr'><strong>EMPERORS.</strong></span> <span class='ocrx_word' id='word_1_6' title='bbox 1178 324 1220 388; x_wconf 83' lang='lat'>39</span> 
     </span>
    </p>
   </div>
   <div class='ocr_carea' id='block_1_2' title="bbox 161 507 1222 3822">
    <p class='ocr_par' dir='ltr' id='par_1_2' title="bbox 165 507 1222 1615">
     <span class='ocr_line' id='line_1_2' title="bbox 168 507 1221 583; baseline 0 -11"><span class='ocrx_word' id='word_1_7' title='bbox 168 509 348 574; x_wconf 88' lang='lat' dir='ltr'>Heinricus</span> <span class='ocrx_word' id='word_1_8' title='bbox 366 507 567 583; x_wconf 85' lang='lat' dir='ltr'>Leodiensis,</span> <span class='ocrx_word' id='word_1_9' title='bbox 586 507 762 572; x_wconf 87' lang='lat' dir='ltr'>Ricbertus</span> <span class='ocrx_word' id='word_1_10' title='bbox 780 507 1017 583; x_wconf 84' lang='lat' dir='ltr'>Verdonensis,</span> <span class='ocrx_word' id='word_1_11' title='bbox 1036 508 1119 573; x_wconf 92' lang='lat' dir='ltr'>Bibo</span> <span class='ocrx_word' id='word_1_12' title='bbox 1142 509 1221 573; x_wconf 89' lang='lat' dir='ltr'>Tul·</span> 
     </span>
     <span class='ocr_line' id='line_1_3' title="bbox 165 611 1221 696; baseline 0.001 -19"><span class='ocrx_word' id='word_1_13' title='bbox 165 615 278 690; x_wconf 87' lang='lat' dir='ltr'>lensis,</span> <span class='ocrx_word' id='word_1_14' title='bbox 304 612 541 677; x_wconf 85' lang='lat' dir='ltr'>Hozemannus</span> <span class='ocrx_word' id='word_1_15' title='bbox 565 611 741 696; x_wconf 70' lang='lat' dir='ltr'>Spirensis</span> <span class='ocrx_word' id='word_1_16' title='bbox 767 611 1006 676; x_wconf 87' lang='lat' dir='ltr'>Burckhardus</span> <span class='ocrx_word' id='word_1_17' title='bbox 1030 612 1221 678; x_wconf 88' lang='lat' dir='ltr'>Halbersta·</span> 
     </span>
     <span class='ocr_line' id='line_1_4' title="bbox 165 715 1221 801; baseline -0.002 -19"><span class='ocrx_word' id='word_1_18' title='bbox 165 719 289 794; x_wconf 89' lang='lat' dir='ltr'>densis,</span> <span class='ocrx_word' id='word_1_19' title='bbox 325 717 531 781; x_wconf 88' lang='lat' dir='ltr'>Wernherus</span> <span class='ocrx_word' id='word_1_20' title='bbox 567 715 846 801; x_wconf 84' lang='lat' dir='ltr'>Strasburgensis,</span> <span class='ocrx_word' id='word_1_21' title='bbox 879 715 1095 780; x_wconf 89' lang='lat' dir='ltr'>Burchardus</span> <span class='ocrx_word' id='word_1_22' title='bbox 1130 717 1221 781; x_wconf 89' lang='lat' dir='ltr'>Basi-</span> 
     </span>
     <span class='ocr_line' id='line_1_5' title="bbox 166 819 1219 906; baseline -0.001 -20"><span class='ocrx_word' id='word_1_23' title='bbox 166 824 290 898; x_wconf 82' lang='lat' dir='ltr'>licnsis,</span> <span class='ocrx_word' id='word_1_24' title='bbox 320 820 403 886; x_wconf 92' lang='lat' dir='ltr'>Otto</span> <span class='ocrx_word' id='word_1_25' title='bbox 432 820 712 896; x_wconf 76' lang='lat' dir='ltr'>ConstantiensiS,</span> <span class='ocrx_word' id='word_1_26' title='bbox 737 819 904 884; x_wconf 89' lang='lat' dir='ltr'>Adalbcro</span> <span class='ocrx_word' id='word_1_27' title='bbox 927 819 1219 906; x_wconf 86' lang='lat' dir='ltr'>Wirciburgensis‚</span> 
     </span>
     <span class='ocr_line' id='line_1_6' title="bbox 169 924 1221 1011; baseline -0.002 -21"><span class='ocrx_word' id='word_1_28' title='bbox 169 927 374 992; x_wconf 85' lang='lat' dir='ltr'>Routbertus</span> <span class='ocrx_word' id='word_1_29' title='bbox 407 925 702 1011; x_wconf 82' lang='lat' dir='ltr'>Babenbergensis,</span> <span class='ocrx_word' id='word_1_30' title='bbox 730 924 813 988; x_wconf 89' lang='lat' dir='ltr'>Otto</span> <span class='ocrx_word' id='word_1_31' title='bbox 845 925 1107 1008; x_wconf 85' lang='lat' dir='ltr'>Ratisponeutis,</span> <span class='ocrx_word' id='word_1_32' title='bbox 1141 925 1221 988; x_wconf 86' lang='lat' dir='ltr'>Elli-</span> 
     </span>
     <span class='ocr_line' id='line_1_7' title="bbox 167 1027 1220 1115; baseline 0 -22"><span class='ocrx_word' id='word_1_33' title='bbox 167 1031 290 1095; x_wconf 89' lang='lat' dir='ltr'>nardus</span> <span class='ocrx_word' id='word_1_34' title='bbox 322 1030 348 1092; x_wconf 90' lang='lat' dir='ltr'>F</span> <span class='ocrx_word' id='word_1_35' title='bbox 350 1030 553 1115; x_wconf 86' lang='lat' dir='ltr'>risingensis,</span> <span class='ocrx_word' id='word_1_36' title='bbox 587 1028 766 1093; x_wconf 88' lang='lat' dir='ltr'>Odalricus</span> <span class='ocrx_word' id='word_1_37' title='bbox 797 1027 1005 1105; x_wconf 86' lang='lat' dir='ltr'>Eistetcnsis,</span> <span class='ocrx_word' id='word_1_38' title='bbox 1030 1028 1220 1093; x_wconf 88' lang='lat' dir='ltr'>Fridericus</span> 
     </span>
     <span class='ocr_line' id='line_1_8' title="bbox 168 1131 1222 1208; baseline -0.001 -10"><span class='ocrx_word' id='word_1_39' title='bbox 168 1135 453 1208; x_wconf 87' lang='lat' dir='ltr'>Monasteriensis,</span> <span class='ocrx_word' id='word_1_40' title='bbox 477 1133 648 1197; x_wconf 89' lang='lat' dir='ltr'>Eilbertus</span> <span class='ocrx_word' id='word_1_41' title='bbox 673 1132 870 1208; x_wconf 86' lang='lat' dir='ltr'>Mindensis‚</span> <span class='ocrx_word' id='word_1_42' title='bbox 891 1131 988 1196; x_wconf 88' lang='lat' dir='ltr'>Hezil</span> <span class='ocrx_word' id='word_1_43' title='bbox 1014 1132 1222 1197; x_wconf 88' lang='lat' dir='ltr'>Hiltinishei·</span> 
     </span>
     <span class='ocr_line' id='line_1_9' title="bbox 167 1235 1219 1322; baseline -0.001 -21"><span class='ocrx_word' id='word_1_44' title='bbox 167 1241 299 1313; x_wconf 84' lang='lat' dir='ltr'>mensis,</span> <span class='ocrx_word' id='word_1_45' title='bbox 340 1239 456 1301; x_wconf 88' lang='lat' dir='ltr'>Benno</span> <span class='ocrx_word' id='word_1_46' title='bbox 496 1235 796 1322; x_wconf 72' lang='lat' dir='ltr'>Oseueburgensis</span> <span class='ocrx_word' id='word_1_47' title='bbox 833 1237 928 1321; x_wconf 87' lang='lat' dir='ltr'>Eppo</span> <span class='ocrx_word' id='word_1_48' title='bbox 967 1237 1219 1320; x_wconf 89' lang='lat' dir='ltr'>Neopolitanus,</span> 
     </span>
     <span class='ocr_line' id='line_1_10' title="bbox 168 1340 1220 1426; baseline -0.002 -19"><span class='ocrx_word' id='word_1_49' title='bbox 168 1343 303 1407; x_wconf 89' lang='lat' dir='ltr'>Imadus</span> <span class='ocrx_word' id='word_1_50' title='bbox 349 1341 667 1416; x_wconf 88' lang='lat' dir='ltr'>Padcrbrunnensis,</span> <span class='ocrx_word' id='word_1_51' title='bbox 708 1340 815 1405; x_wconf 87' lang='lat' dir='ltr'>Tiedo</span> <span class='ocrx_word' id='word_1_52' title='bbox 857 1340 1220 1426; x_wconf 85' lang='lat' dir='ltr'>Brandancburgensis,</span> 
     </span>
     <span class='ocr_line' id='line_1_11' title="bbox 168 1443 1222 1520; baseline -0.001 -9"><span class='ocrx_word' id='word_1_53' title='bbox 168 1447 383 1511; x_wconf 90' lang='lat' dir='ltr'>Burchardus</span> <span class='ocrx_word' id='word_1_54' title='bbox 427 1445 659 1520; x_wconf 89' lang='lat' dir='ltr'>Losannensis,</span> <span class='ocrx_word' id='word_1_55' title='bbox 698 1444 814 1509; x_wconf 92' lang='lat' dir='ltr'>Bruno</span> <span class='ocrx_word' id='word_1_56' title='bbox 858 1443 1071 1520; x_wconf 69' lang='lat' dir='ltr'>Veronensis</span> <span class='ocrx_word' id='word_1_57' title='bbox 1107 1445 1222 1510; x_wconf 90' lang='lat' dir='ltr'>Hilde-</span> 
     </span>
     <span class='ocr_line' id='line_1_12' title="bbox 166 1551 422 1615; baseline -0.012 -1"><span class='ocrx_word' id='word_1_58' title='bbox 166 1551 293 1615; x_wconf 89' lang='lat' dir='ltr'>brando</span> <span class='ocrx_word' id='word_1_59' title='bbox 317 1551 422 1614; x_wconf 86' lang='lat' dir='ltr'>fratri.</span> 
     </span>
    </p>

    <p class='ocr_par' dir='ltr' id='par_1_3' title="bbox 161 1652 1222 3822">
     <span class='ocr_line' id='line_1_13' title="bbox 212 1652 1220 1738; baseline -0.003 -19"><span class='ocrx_word' id='word_1_60' title='bbox 212 1656 299 1719; x_wconf 88' lang='lat' dir='ltr'>Cum</span> <span class='ocrx_word' id='word_1_61' title='bbox 322 1655 464 1738; x_wconf 88' lang='lat' dir='ltr'>primum</span> <span class='ocrx_word' id='word_1_62' title='bbox 489 1653 647 1717; x_wconf 88' lang='lat' dir='ltr'>ecclesiae</span> <span class='ocrx_word' id='word_1_63' title='bbox 671 1652 897 1738; x_wconf 84' lang='lat' dir='ltr'>gubernacula</span> <span class='ocrx_word' id='word_1_64' title='bbox 928 1653 1132 1728; x_wconf 88' lang='lat' dir='ltr'>invassisses,</span> <span class='ocrx_word' id='word_1_65' title='bbox 1157 1655 1220 1718; x_wconf 86' lang='lat' dir='ltr'>etsi</span> 
     </span>
     <span class='ocr_line' id='line_1_14' title="bbox 166 1757 1221 1842; baseline -0.003 -19"><span class='ocrx_word' id='word_1_66' title='bbox 166 1760 249 1824; x_wconf 89' lang='lat' dir='ltr'>bene</span> <span class='ocrx_word' id='word_1_67' title='bbox 272 1757 366 1821; x_wconf 91' lang='lat' dir='ltr'>nobis</span> <span class='ocrx_word' id='word_1_68' title='bbox 390 1759 563 1842; x_wconf 85' lang='lat' dir='ltr'>cognitum</span> <span class='ocrx_word' id='word_1_69' title='bbox 587 1766 683 1831; x_wconf 84' lang='lat' dir='ltr'>esset,</span> <span class='ocrx_word' id='word_1_70' title='bbox 701 1779 802 1841; x_wconf 92' lang='lat' dir='ltr'>quam</span> <span class='ocrx_word' id='word_1_71' title='bbox 826 1757 979 1820; x_wconf 82' lang='lat' dir='ltr'>illicitam</span> <span class='ocrx_word' id='word_1_72' title='bbox 1004 1765 1039 1821; x_wconf 88' lang='lat' dir='ltr'>et</span> <span class='ocrx_word' id='word_1_73' title='bbox 1060 1757 1221 1821; x_wconf 82' lang='lat' dir='ltr'>nefariam</span> 
     </span>
     <span class='ocr_line' id='line_1_15' title="bbox 167 1860 1222 1946; baseline -0.002 -20"><span class='ocrx_word' id='word_1_74' title='bbox 167 1885 236 1926; x_wconf 89' lang='lat' dir='ltr'>rem</span> <span class='ocrx_word' id='word_1_75' title='bbox 259 1871 376 1926; x_wconf 91' lang='lat' dir='ltr'>contra</span> <span class='ocrx_word' id='word_1_76' title='bbox 398 1863 450 1946; x_wconf 87' lang='lat' dir='ltr'>jus</span> <span class='ocrx_word' id='word_1_77' title='bbox 467 1870 501 1926; x_wconf 91' lang='lat' dir='ltr'>et</span> <span class='ocrx_word' id='word_1_78' title='bbox 516 1860 566 1925; x_wconf 86' lang='lat' dir='ltr'>fas</span> <span class='ocrx_word' id='word_1_79' title='bbox 585 1861 743 1924; x_wconf 85' lang='lat' dir='ltr'>familiari</span> <span class='ocrx_word' id='word_1_80' title='bbox 766 1860 827 1925; x_wconf 92' lang='lat' dir='ltr'>tibi</span> <span class='ocrx_word' id='word_1_81' title='bbox 850 1862 1040 1946; x_wconf 81' lang='lat' dir='ltr'>arrogantia</span> <span class='ocrx_word' id='word_1_82' title='bbox 1056 1883 1222 1944; x_wconf 90' lang='lat' dir='ltr'>praesum·</span> 
     </span>
     <span class='ocr_line' id='line_1_16' title="bbox 166 1965 1220 2052; baseline -0.002 -21"><span class='ocrx_word' id='word_1_83' title='bbox 166 1969 306 2052; x_wconf 92' lang='lat' dir='ltr'>psisses;</span> <span class='ocrx_word' id='word_1_84' title='bbox 331 1965 571 2030; x_wconf 90' lang='lat' dir='ltr'>dissimulanda</span> <span class='ocrx_word' id='word_1_85' title='bbox 591 1975 702 2030; x_wconf 89' lang='lat' dir='ltr'>tamen</span> <span class='ocrx_word' id='word_1_86' title='bbox 720 1966 962 2050; x_wconf 88' lang='lat' dir='ltr'>dispensatoria</span> <span class='ocrx_word' id='word_1_87' title='bbox 980 1965 1125 2050; x_wconf 90' lang='lat' dir='ltr'>quadarn</span> <span class='ocrx_word' id='word_1_88' title='bbox 1142 1968 1220 2029; x_wconf 90' lang='lat' dir='ltr'>taci-</span> 
     </span>
     <span class='ocr_line' id='line_1_17' title="bbox 168 2069 1220 2154; baseline -0.002 -18"><span class='ocrx_word' id='word_1_89' title='bbox 168 2073 340 2146; x_wconf 88' lang='lat' dir='ltr'>turnitate,</span> <span class='ocrx_word' id='word_1_90' title='bbox 364 2078 433 2134; x_wconf 89' lang='lat' dir='ltr'>tam</span> <span class='ocrx_word' id='word_1_91' title='bbox 459 2071 577 2134; x_wconf 92' lang='lat' dir='ltr'>vitiosa</span> <span class='ocrx_word' id='word_1_92' title='bbox 607 2071 765 2135; x_wconf 81' lang='lat' dir='ltr'>introitus</span> <span class='ocrx_word' id='word_1_93' title='bbox 790 2072 840 2135; x_wconf 92' lang='lat' dir='ltr'>tui</span> <span class='ocrx_word' id='word_1_94' title='bbox 865 2069 1003 2135; x_wconf 84' lang='lat' dir='ltr'>exordia</span> <span class='ocrx_word' id='word_1_95' title='bbox 1027 2070 1220 2154; x_wconf 87' lang='lat' dir='ltr'>putavimus</span> 
     </span>
     <span class='ocr_line' id='line_1_18' title="bbox 165 2174 1220 2261; baseline 0.001 -22"><span class='ocrx_word' id='word_1_96' title='bbox 165 2185 338 2261; x_wconf 87' lang='lat' dir='ltr'>sperantes</span> <span class='ocrx_word' id='word_1_97' title='bbox 352 2174 510 2239; x_wconf 88' lang='lat' dir='ltr'>videlicet</span> <span class='ocrx_word' id='word_1_98' title='bbox 526 2182 594 2238; x_wconf 89' lang='lat' dir='ltr'>tam</span> <span class='ocrx_word' id='word_1_99' title='bbox 610 2176 786 2239; x_wconf 89' lang='lat' dir='ltr'>criminosa</span> <span class='ocrx_word' id='word_1_100' title='bbox 802 2176 967 2260; x_wconf 91' lang='lat' dir='ltr'>principia</span> <span class='ocrx_word' id='word_1_101' title='bbox 984 2177 1220 2260; x_wconf 90' lang='lat' dir='ltr'>consequentis</span> 
     </span>
     <span class='ocr_line' id='line_1_19' title="bbox 166 2278 1221 2367; baseline -0.002 -23"><span class='ocrx_word' id='word_1_102' title='bbox 166 2281 337 2367; x_wconf 81' lang='lat' dir='ltr'>regiminis</span> <span class='ocrx_word' id='word_1_103' title='bbox 361 2280 411 2342; x_wconf 91' lang='lat' dir='ltr'>tui</span> <span class='ocrx_word' id='word_1_104' title='bbox 435 2278 598 2362; x_wconf 85' lang='lat' dir='ltr'>probitate</span> <span class='ocrx_word' id='word_1_105' title='bbox 624 2288 658 2342; x_wconf 92' lang='lat' dir='ltr'>et</span> <span class='ocrx_word' id='word_1_106' title='bbox 681 2279 847 2343; x_wconf 90' lang='lat' dir='ltr'>industria</span> <span class='ocrx_word' id='word_1_107' title='bbox 866 2280 1082 2356; x_wconf 88' lang='lat' dir='ltr'>emendanda,</span> <span class='ocrx_word' id='word_1_108' title='bbox 1107 2289 1142 2344; x_wconf 92' lang='lat' dir='ltr'>et</span> <span class='ocrx_word' id='word_1_109' title='bbox 1164 2281 1221 2344; x_wconf 90' lang='lat' dir='ltr'>ali·</span> 
     </span>
     <span class='ocr_line' id='line_1_20' title="bbox 163 2382 1219 2469; baseline -0.002 -21"><span class='ocrx_word' id='word_1_110' title='bbox 163 2395 333 2469; x_wconf 88' lang='lat' dir='ltr'>quatenus</span> <span class='ocrx_word' id='word_1_111' title='bbox 365 2382 583 2448; x_wconf 84' lang='lat' dir='ltr'>obliteranda.</span> <span class='ocrx_word' id='word_1_112' title='bbox 636 2382 765 2447; x_wconf 86' lang='lat' dir='ltr'>Verum</span> <span class='ocrx_word' id='word_1_113' title='bbox 796 2405 896 2456; x_wconf 90' lang='lat' dir='ltr'>nunc,</span> <span class='ocrx_word' id='word_1_114' title='bbox 929 2393 968 2448; x_wconf 91' lang='lat' dir='ltr'>ut</span> <span class='ocrx_word' id='word_1_115' title='bbox 997 2384 1219 2448; x_wconf 86' lang='lat' dir='ltr'>lamentabilis</span> 
     </span>
     <span class='ocr_line' id='line_1_21' title="bbox 166 2488 1221 2573; baseline -0.001 -22"><span class='ocrx_word' id='word_1_116' title='bbox 166 2488 361 2552; x_wconf 80' lang='lat' dir='ltr'>universalis</span> <span class='ocrx_word' id='word_1_117' title='bbox 378 2488 536 2551; x_wconf 87' lang='lat' dir='ltr'>ecclesiae</span> <span class='ocrx_word' id='word_1_118' title='bbox 553 2495 661 2550; x_wconf 86' lang='lat' dir='ltr'>status</span> <span class='ocrx_word' id='word_1_119' title='bbox 683 2489 805 2552; x_wconf 89' lang='lat' dir='ltr'>clamat</span> <span class='ocrx_word' id='word_1_120' title='bbox 821 2497 856 2552; x_wconf 89' lang='lat' dir='ltr'>ct</span> <span class='ocrx_word' id='word_1_121' title='bbox 871 2489 1033 2573; x_wconf 82' lang='lat' dir='ltr'>deplorat,</span> <span class='ocrx_word' id='word_1_122' title='bbox 1052 2488 1146 2551; x_wconf 90' lang='lat' dir='ltr'>malis</span> <span class='ocrx_word' id='word_1_123' title='bbox 1162 2490 1221 2551; x_wconf 93' lang='lat' dir='ltr'>ini-</span> 
     </span>
     <span class='ocr_line' id='line_1_22' title="bbox 166 2591 1220 2678; baseline 0.001 -23"><span class='ocrx_word' id='word_1_124' title='bbox 166 2594 220 2656; x_wconf 88' lang='lat' dir='ltr'>tiis</span> <span class='ocrx_word' id='word_1_125' title='bbox 238 2594 304 2655; x_wconf 88' lang='lat' dir='ltr'>tuis</span> <span class='ocrx_word' id='word_1_126' title='bbox 322 2614 379 2676; x_wconf 89' lang='lat' dir='ltr'>per</span> <span class='ocrx_word' id='word_1_127' title='bbox 391 2593 517 2676; x_wconf 85' lang='lat' dir='ltr'>pejores</span> <span class='ocrx_word' id='word_1_128' title='bbox 529 2592 699 2655; x_wconf 89' lang='lat' dir='ltr'>actionum</span> <span class='ocrx_word' id='word_1_129' title='bbox 711 2591 989 2678; x_wconf 82' lang='lat' dir='ltr'>decretorumque</span> <span class='ocrx_word' id='word_1_130' title='bbox 1002 2603 1137 2656; x_wconf 91' lang='lat' dir='ltr'>tuorum</span> <span class='ocrx_word' id='word_1_131' title='bbox 1150 2615 1220 2676; x_wconf 81' lang='lat' dir='ltr'>pro</span> 
     </span>
     <span class='ocr_line' id='line_1_23' title="bbox 164 2695 1219 2781; baseline 0 -22"><span class='ocrx_word' id='word_1_132' title='bbox 164 2718 298 2781; x_wconf 80' lang='lat' dir='ltr'>gressus</span> <span class='ocrx_word' id='word_1_133' title='bbox 327 2695 454 2759; x_wconf 81' lang='lat' dir='ltr'>infelici</span> <span class='ocrx_word' id='word_1_134' title='bbox 486 2695 665 2779; x_wconf 86' lang='lat' dir='ltr'>respondes</span> <span class='ocrx_word' id='word_1_135' title='bbox 697 2704 812 2761; x_wconf 89' lang='lat' dir='ltr'>tenore</span> <span class='ocrx_word' id='word_1_136' title='bbox 838 2704 873 2762; x_wconf 88' lang='lat' dir='ltr'>et</span> <span class='ocrx_word' id='word_1_137' title='bbox 895 2699 1086 2781; x_wconf 87' lang='lat' dir='ltr'>pertinacia.</span> <span class='ocrx_word' id='word_1_138' title='bbox 1133 2697 1219 2760; x_wconf 90' lang='lat' dir='ltr'>Cum</span> 
     </span>
     <span class='ocr_line' id='line_1_24' title="bbox 163 2798 1219 2885; baseline 0.002 -23"><span class='ocrx_word' id='word_1_139' title='bbox 163 2801 255 2863; x_wconf 92' lang='lat' dir='ltr'>enim</span> <span class='ocrx_word' id='word_1_140' title='bbox 283 2800 448 2862; x_wconf 85' lang='lat' dir='ltr'>Dominus</span> <span class='ocrx_word' id='word_1_141' title='bbox 472 2809 506 2863; x_wconf 89' lang='lat' dir='ltr'>et</span> <span class='ocrx_word' id='word_1_142' title='bbox 529 2798 718 2883; x_wconf 88' lang='lat' dir='ltr'>redemptor</span> <span class='ocrx_word' id='word_1_143' title='bbox 742 2809 853 2866; x_wconf 91' lang='lat' dir='ltr'>noster</span> <span class='ocrx_word' id='word_1_144' title='bbox 876 2803 966 2885; x_wconf 91' lang='lat' dir='ltr'>pacis</span> <span class='ocrx_word' id='word_1_145' title='bbox 990 2810 1025 2864; x_wconf 93' lang='lat' dir='ltr'>et</span> <span class='ocrx_word' id='word_1_146' title='bbox 1047 2801 1219 2865; x_wconf 88' lang='lat' dir='ltr'>charitatis</span> 
     </span>
     <span class='ocr_line' id='line_1_25' title="bbox 166 2903 1221 2988; baseline 0.004 -24"><span class='ocrx_word' id='word_1_147' title='bbox 166 2904 287 2965; x_wconf 88' lang='lat' dir='ltr'>bonum</span> <span class='ocrx_word' id='word_1_148' title='bbox 306 2905 399 2986; x_wconf 88' lang='lat' dir='ltr'>quasi</span> <span class='ocrx_word' id='word_1_149' title='bbox 416 2904 619 2988; x_wconf 81' lang='lat' dir='ltr'>singularem</span> <span class='ocrx_word' id='word_1_150' title='bbox 643 2903 798 2968; x_wconf 90' lang='lat' dir='ltr'>fidelibus</span> <span class='ocrx_word' id='word_1_151' title='bbox 821 2907 890 2968; x_wconf 89' lang='lat' dir='ltr'>suis</span> <span class='ocrx_word' id='word_1_152' title='bbox 915 2904 1138 2969; x_wconf 88' lang='lat' dir='ltr'>characterem</span> <span class='ocrx_word' id='word_1_153' title='bbox 1163 2906 1221 2968; x_wconf 91' lang='lat' dir='ltr'>im·</span> 
     </span>
     <span class='ocr_line' id='line_1_26' title="bbox 167 3007 1220 3092; baseline 0.005 -24"><span class='ocrx_word' id='word_1_154' title='bbox 167 3008 329 3091; x_wconf 82' lang='lat' dir='ltr'>presserit,</span> <span class='ocrx_word' id='word_1_155' title='bbox 357 3007 452 3090; x_wconf 87' lang='lat' dir='ltr'>cujus</span> <span class='ocrx_word' id='word_1_156' title='bbox 481 3008 527 3071; x_wconf 90' lang='lat' dir='ltr'>rei</span> <span class='ocrx_word' id='word_1_157' title='bbox 561 3009 753 3071; x_wconf 87' lang='lat' dir='ltr'>testimonia</span> <span class='ocrx_word' id='word_1_158' title='bbox 780 3008 877 3092; x_wconf 88' lang='lat' dir='ltr'>plura</span> <span class='ocrx_word' id='word_1_159' title='bbox 904 3017 1022 3072; x_wconf 87' lang='lat' dir='ltr'>extant</span> <span class='ocrx_word' id='word_1_160' title='bbox 1049 3031 1150 3092; x_wconf 91' lang='lat' dir='ltr'>quam</span> <span class='ocrx_word' id='word_1_161' title='bbox 1181 3019 1220 3073; x_wconf 93' lang='lat' dir='ltr'>ut</span> 
     </span>
     <span class='ocr_line' id='line_1_27' title="bbox 163 3110 1219 3195; baseline 0.002 -21"><span class='ocrx_word' id='word_1_162' title='bbox 163 3111 334 3195; x_wconf 77' lang='lat' dir='ltr'>epistolari</span> <span class='ocrx_word' id='word_1_163' title='bbox 359 3110 521 3174; x_wconf 88' lang='lat' dir='ltr'>brevitate</span> <span class='ocrx_word' id='word_1_164' title='bbox 546 3112 782 3195; x_wconf 84' lang='lat' dir='ltr'>comprehendi</span> <span class='ocrx_word' id='word_1_165' title='bbox 800 3114 944 3185; x_wconf 88' lang='lat' dir='ltr'>valeant,</span> <span class='ocrx_word' id='word_1_166' title='bbox 965 3122 1003 3176; x_wconf 94' lang='lat' dir='ltr'>tu</span> <span class='ocrx_word' id='word_1_167' title='bbox 1019 3135 1036 3177; x_wconf 91' lang='lat' dir='ltr'>e</span> <span class='ocrx_word' id='word_1_168' title='bbox 1054 3115 1219 3176; x_wconf 89' lang='lat' dir='ltr'>contrario</span> 
     </span>
     <span class='ocr_line' id='line_1_28' title="bbox 164 3213 1220 3301; baseline 0.003 -25"><span class='ocrx_word' id='word_1_169' title='bbox 164 3216 245 3278; x_wconf 91' lang='lat' dir='ltr'>dum</span> <span class='ocrx_word' id='word_1_170' title='bbox 262 3214 409 3298; x_wconf 79' lang='lat' dir='ltr'>profanis</span> <span class='ocrx_word' id='word_1_171' title='bbox 425 3213 540 3278; x_wconf 90' lang='lat' dir='ltr'>studes</span> <span class='ocrx_word' id='word_1_172' title='bbox 555 3216 769 3290; x_wconf 71' lang='lat' dir='ltr'>novitatibus</span> <span class='ocrx_word' id='word_1_173' title='bbox 784 3216 864 3279; x_wconf 91' lang='lat' dir='ltr'>dum</span> <span class='ocrx_word' id='word_1_174' title='bbox 877 3219 981 3301; x_wconf 81' lang='lat' dir='ltr'>magis</span> <span class='ocrx_word' id='word_1_175' title='bbox 995 3218 1105 3301; x_wconf 92' lang='lat' dir='ltr'>amplo</span> <span class='ocrx_word' id='word_1_176' title='bbox 1118 3239 1220 3300; x_wconf 88' lang='lat' dir='ltr'>quam</span> 
     </span>
     <span class='ocr_line' id='line_1_29' title="bbox 164 3318 1221 3393; baseline -0.001 -10"><span class='ocrx_word' id='word_1_177' title='bbox 164 3320 251 3383; x_wconf 93' lang='lat' dir='ltr'>bono</span> <span class='ocrx_word' id='word_1_178' title='bbox 275 3320 408 3382; x_wconf 90' lang='lat' dir='ltr'>nomine</span> <span class='ocrx_word' id='word_1_179' title='bbox 431 3319 612 3393; x_wconf 75' lang='lat' dir='ltr'>delictariS,</span> <span class='ocrx_word' id='word_1_180' title='bbox 638 3318 719 3382; x_wconf 91' lang='lat' dir='ltr'>dum</span> <span class='ocrx_word' id='word_1_181' title='bbox 742 3320 894 3385; x_wconf 91' lang='lat' dir='ltr'>inaudita</span> <span class='ocrx_word' id='word_1_182' title='bbox 921 3321 1065 3385; x_wconf 90' lang='lat' dir='ltr'>elatione</span> <span class='ocrx_word' id='word_1_183' title='bbox 1097 3321 1221 3385; x_wconf 89' lang='lat' dir='ltr'>disten-</span> 
     </span>
     <span class='ocr_line' id='line_1_30' title="bbox 162 3422 1219 3509; baseline 0.002 -22"><span class='ocrx_word' id='word_1_184' title='bbox 162 3424 261 3495; x_wconf 87' lang='lat' dir='ltr'>deris,</span> <span class='ocrx_word' id='word_1_185' title='bbox 287 3424 381 3487; x_wconf 83' lang='lat' dir='ltr'>velut</span> <span class='ocrx_word' id='word_1_186' title='bbox 405 3422 542 3507; x_wconf 88' lang='lat' dir='ltr'>quidam</span> <span class='ocrx_word' id='word_1_187' title='bbox 565 3422 706 3509; x_wconf 76' lang='lat' dir='ltr'>signifer</span> <span class='ocrx_word' id='word_1_188' title='bbox 736 3424 900 3488; x_wconf 86' lang='lat' dir='ltr'>scismatis</span> <span class='ocrx_word' id='word_1_189' title='bbox 932 3426 1042 3488; x_wconf 91' lang='lat' dir='ltr'>omnia</span> <span class='ocrx_word' id='word_1_190' title='bbox 1073 3425 1219 3489; x_wconf 90' lang='lat' dir='ltr'>membra</span> 
     </span>
     <span class='ocr_line' id='line_1_31' title="bbox 162 3526 1218 3612; baseline -0.001 -20"><span class='ocrx_word' id='word_1_191' title='bbox 162 3528 323 3592; x_wconf 86' lang='lat' dir='ltr'>ccclesiae</span> <span class='ocrx_word' id='word_1_192' title='bbox 352 3549 437 3612; x_wconf 89' lang='lat' dir='ltr'>quae</span> <span class='ocrx_word' id='word_1_193' title='bbox 465 3526 651 3591; x_wconf 81' lang='lat' dir='ltr'>secundum</span> <span class='ocrx_word' id='word_1_194' title='bbox 676 3528 866 3612; x_wconf 89' lang='lat' dir='ltr'>apostolum</span> <span class='ocrx_word' id='word_1_195' title='bbox 894 3530 1044 3612; x_wconf 90' lang='lat' dir='ltr'>quietam</span> <span class='ocrx_word' id='word_1_196' title='bbox 1071 3536 1106 3593; x_wconf 92' lang='lat' dir='ltr'>et</span> <span class='ocrx_word' id='word_1_197' title='bbox 1132 3537 1218 3593; x_wconf 85' lang='lat' dir='ltr'>tran-</span> 
     </span>
     <span class='ocr_line' id='line_1_32' title="bbox 162 3631 1219 3719; baseline 0.003 -25"><span class='ocrx_word' id='word_1_198' title='bbox 162 3633 290 3716; x_wconf 89' lang='lat' dir='ltr'>quilam</span> <span class='ocrx_word' id='word_1_199' title='bbox 317 3633 420 3695; x_wconf 89' lang='lat' dir='ltr'>vitam</span> <span class='ocrx_word' id='word_1_200' title='bbox 443 3639 521 3695; x_wconf 89' lang='lat' dir='ltr'>ante</span> <span class='ocrx_word' id='word_1_201' title='bbox 545 3631 626 3695; x_wconf 88' lang='lat' dir='ltr'>haec</span> <span class='ocrx_word' id='word_1_202' title='bbox 649 3639 710 3695; x_wconf 89' lang='lat' dir='ltr'>tua</span> <span class='ocrx_word' id='word_1_203' title='bbox 735 3641 881 3716; x_wconf 91' lang='lat' dir='ltr'>tempora</span> <span class='ocrx_word' id='word_1_204' title='bbox 906 3633 1059 3719; x_wconf 84' lang='lat' dir='ltr'>agebant,</span> <span class='ocrx_word' id='word_1_205' title='bbox 1075 3634 1219 3717; x_wconf 90' lang='lat' dir='ltr'>superba</span> 
     </span>
     <span class='ocr_line' id='line_1_33' title="bbox 161 3735 1218 3822; baseline 0.003 -23"><span class='ocrx_word' id='word_1_206' title='bbox 161 3737 374 3809; x_wconf 80' lang='lat' dir='ltr'>crudelitate,</span> <span class='ocrx_word' id='word_1_207' title='bbox 398 3735 594 3819; x_wconf 89' lang='lat' dir='ltr'>crudelique</span> <span class='ocrx_word' id='word_1_208' title='bbox 618 3735 772 3820; x_wconf 88' lang='lat' dir='ltr'>superbia</span> <span class='ocrx_word' id='word_1_209' title='bbox 798 3737 961 3812; x_wconf 87' lang='lat' dir='ltr'>lacerasti,</span> <span class='ocrx_word' id='word_1_210' title='bbox 985 3735 1218 3822; x_wconf 87' lang='lat' dir='ltr'>flammamque</span> 
     </span>
    </p>
   </div>
   <div class='ocr_carea' id='block_1_3' title="bbox 0 0 1388 4268">
    <p class='ocr_par' dir='ltr' id='par_1_4' title="bbox 0 0 1388 4268">
     <span class='ocr_line' id='line_1_34' title="bbox 0 0 1388 4268; baseline 0 0"><span class='ocrx_word' id='word_1_211' title='bbox 0 0 1388 4268; x_wconf 95' lang='lat' dir='ltr'> </span> 
     </span>
    </p>
   </div>
  </div>
 </body>
</html>
