2768 4268
165 310 231 375 154
389 327 521 374 succos
544 326 748 372 mnmmvan
769 325 999 374 nocuusnrs.

166 497 363 580 Apostolica
387 495 472 560 Sede
496 495 632 559 tenebat
653 495 687 557 in
712 493 860 570 feodum,
876 495 943 578 jam
966 493 1009 557 ad
1032 501 1162 558 tantam
1185 497 1221 558 in

162 601 296 665 clericis
320 608 354 664 et
375 601 479 684 laycis
505 601 769 664 exinanitionem
795 599 1061 682 servitutemque
1088 598 1221 684 redegit

163 705 258 788 quod
289 706 336 768 eis
367 726 451 788 pene
483 705 617 788 penitus
648 702 753 766 nichil
776 702 976 766 habentibus
1004 710 1038 765 et
1065 703 1219 767 omnibus

162 808 287 873 exinde
304 807 373 872 fere
390 807 500 892 probis
519 808 644 892 ejectis
660 807 735 870 illos
759 806 818 890 qui
840 815 1074 871 remanserunt
1096 806 1220 871 ibidem

162 912 228 976 sub
243 912 357 976 servili
374 913 469 996 quasi
485 911 695 975 condictione
713 911 825 975 vivere
842 932 879 974 ac
897 911 1081 974 Romanam
1106 910 1220 976 Eccle-

166 1018 248 1080 siam
270 1017 365 1100 cujus
388 1016 617 1100 principaliter
638 1023 719 1078 sunt
741 1014 891 1078 homines
915 1022 949 1078 et
972 1015 1101 1090 vasalli,
1119 1013 1221 1079 offen-

162 1121 243 1184 dere
279 1121 511 1204 multipliciter
541 1128 576 1183 et
608 1119 777 1184 hostiliter
805 1121 1001 1205 impugnare
1038 1121 1218 1205 compellit.

167 1225 285 1288 Posset
301 1226 402 1288 etiam
419 1225 536 1288 merito
553 1223 751 1308 reprehendi
767 1223 859 1309 quod
879 1225 969 1287 mille
994 1224 1220 1309 squifatorum

163 1351 312 1392 annuam
328 1329 520 1412 pensionam
537 1329 572 1391 in
588 1349 655 1412 qua
670 1350 730 1412 pro
753 1328 869 1392 eodem
892 1350 995 1413 regno
1019 1329 1082 1414 ipsi
1108 1328 1222 1393 Eccle-

162 1435 213 1497 sie
232 1434 380 1496 Romane
397 1441 541 1507 tenetur,
553 1455 613 1516 per
630 1454 750 1496 novem
766 1454 871 1495 annos
884 1441 918 1496 et
934 1433 1075 1516 amplius
1092 1433 1219 1497 solvere

166 1539 379 1621 pretermisit.
426 1536 456 1598 N
460 1558 495 1599 os
511 1538 626 1620 itaque
647 1558 747 1620 super
763 1537 929 1621 premissis
946 1544 981 1601 et
996 1558 1098 1621 quam
1122 1537 1222 1621 pluri·

166 1641 227 1705 bus
244 1643 317 1705 aliis
334 1641 405 1725 ejus
423 1639 609 1724 nephandis
625 1641 815 1705 excessibus
831 1662 907 1704 cum
923 1639 1081 1704 fratribus
1099 1641 1221 1704 nostris

167 1755 201 1809 et
223 1767 314 1808 sacro
338 1745 476 1808 consilio
501 1743 739 1809 deliberatione
763 1744 935 1828 prehabita
959 1744 1124 1832 diligenti,
1145 1766 1222 1809 cum

164 1849 273 1913 lhesu
298 1849 424 1912 Christi
448 1849 536 1912 vices
559 1849 639 1912 licet
665 1849 822 1912 immeriti
850 1857 1022 1913 teneamus
1050 1850 1085 1912 in
1113 1850 1220 1925 terris,

167 1954 328 2037 nobisque
360 1954 394 2014 in
426 1952 513 2016 beati
546 1953 638 2016 Petri
669 1953 810 2037 apostoli
837 1975 978 2036 persona
1004 1954 1048 2017 sit
1073 1952 1219 2017 dictum:

164 2056 444 2140 “Quodcumque
461 2058 621 2142 ligaveris
637 2065 874 2141 superterram
890 2059 953 2122 en't
973 2058 1115 2142 ligatum
1135 2064 1169 2121 et
1186 2058 1222 2120 in

163 2161 278 2237 celiS‚'’
301 2168 520 2224 memoratum
543 2162 728 2245 principem
752 2162 810 2246 qui
833 2183 867 2225 se
891 2162 1028 2246 imperio
1052 2170 1087 2225 et
1110 2162 1221 2248 regnis

166 2266 324 2348 omnique
350 2265 473 2328 honore
501 2286 538 2329 ac
567 2265 732 2351 dignitate
759 2264 907 2329 reddidit
934 2272 1003 2330 tam
1033 2264 1220 2351 indignum,

167 2370 292 2453 quique
310 2377 446 2453 propter
461 2391 537 2432 suas
554 2370 748 2452 iniquitates
767 2379 869 2453 atque
893 2370 1017 2433 scelera
1040 2391 1059 2432 a
1082 2370 1155 2434 Deo
1179 2391 1221 2434 ne
1257 2358 1269 2379 '

166 2481 285 2559 regnet
300 2473 355 2537 vel
372 2474 513 2557 imperet
528 2481 579 2538 est
595 2473 754 2557 abjectus,
770 2475 839 2537 suis
860 2475 1003 2559 ligatum
1027 2474 1170 2558 peccatis
1188 2482 1223 2537 et

163 2577 335 2663 abjectum
351 2579 507 2661 omnique
524 2578 648 2641 honore
672 2600 710 2641 ac
734 2578 898 2664 dignitate
922 2579 1091 2663 privatum
1115 2600 1133 2641 a
1156 2578 1224 2642 Do-

167 2684 258 2745 mino
275 2681 490 2758 ostendimus,
508 2681 750 2746 denunciamus
771 2703 808 2746 ac
831 2683 1067 2745 nichilominus
1090 2688 1223 2746 senten-

168 2785 287 2849 ciando
318 2786 507 2870 privamus3
540 2808 653 2850 omnes
685 2787 744 2870 qui
775 2788 803 2850 ei
835 2788 1023 2871 juramento
1051 2785 1222 2850 fidelitatis

167 2898 328 2954 tenentur
343 2891 512 2965 astricti‚a
528 2892 715 2975 juramento
731 2890 924 2976 hujusmodi
941 2899 1103 2975 perpetuo
1120 2890 1224 2954 absol-

168 3004 304 3069 ventes3
344 2995 543 3059 auctoritate
578 2997 760 3080 apostolica
794 2996 933 3059 firmiter
963 2993 1146 3058 inhibendo
1181 3016 1223 3059 ne

165 3100 347 3182 quisquam
374 3097 413 3161 de
443 3107 552 3162 cetero
580 3100 642 3163 sibi
670 3108 831 3183 tanquam
858 3100 1052 3184 imperatori
1083 3121 1122 3163 ac
1153 3099 1223 3184 regi

168 3211 283 3287 pareat
296 3203 350 3265 vel
367 3202 520 3267 intendat
532 3213 566 3267 et
578 3203 787 3267 decernendo
804 3204 973 3287 quoslibet
990 3204 1049 3287 qui
1066 3202 1224 3285 deinceps

165 3308 199 3370 ei
226 3308 322 3369 velut
347 3308 539 3391 imperatori
567 3317 626 3372 aut
652 3310 724 3394 regi
751 3309 947 3372 conscilium
975 3309 1029 3372 vel
1058 3307 1223 3370 auxilium

169 3412 377 3494 prestiterint
394 3413 448 3475 vel
464 3411 623 3489 favorem,
641 3415 711 3497 ipso
728 3414 817 3478 facto
839 3414 975 3478 vinculo
1000 3410 1226 3476 excommuni-

165 3515 308 3578 cationis
324 3515 505 3600 subjacere.
552 3517 607 3580 Illi
624 3526 733 3582 autem
752 3517 794 3581 ad
808 3540 890 3602 quos
903 3519 938 3580 in
952 3516 1068 3580 eodem
1084 3514 1224 3600 imperio

169 3620 377 3702 imperatoris
394 3629 524 3704 spectat
545 3623 673 3698 electio
692 3623 819 3708 eligant
839 3623 941 3686 libere
965 3622 1070 3684 alium
1093 3621 1129 3682 in
1153 3618 1224 3703 ejus

168 3726 280 3789 locum
296 3747 530 3791 successorem.
578 3726 628 3790 De
646 3727 776 3811 prefato
793 3749 872 3790 vero
890 3726 1003 3790 Sicilie
1027 3745 1132 3811 regno
1153 3743 1226 3807 pro·
1256 3769 1259 3773 -
