2768 4268
384 324 460 370 run
482 324 785 372 flouunsrnuonu
808 325 954 373 aaaron.
1158 309 1199 375 87

518 560 560 641 b)
586 557 666 622 Low
683 559 721 639 os
732 559 819 660 flasi.

188 705 215 769 F
217 705 377 770 ridericus
394 704 459 769 Dei
477 706 586 790 gratia
609 705 836 768 Romanorum
858 706 1039 790 imperator
1061 712 1096 770 et
1117 727 1199 798 sem·

143 832 202 895 per
218 817 383 896 augustus
399 810 564 872 universis
581 816 694 873 nostro
714 809 874 894 subjectis
897 810 1047 893 imperio
1093 809 1198 894 Impe-
1215 890 1217 895 Α

143 915 258 978 rialem
283 914 379 977 decet
408 914 593 977 sollertiam
618 915 666 977 ita
689 914 736 977 rei
763 914 916 998 publicae
943 935 1057 977 curam
1081 936 1196 1000 gerere

144 1025 179 1083 et
200 1018 424 1102 subjectorum
448 1017 620 1081 commoda
643 1018 858 1101 investigare,
882 1025 922 1081 ut
946 1018 1041 1103 regni
1068 1018 1197 1082 utilitas

143 1123 335 1207 incorrupta
351 1129 554 1207 permaneat,
571 1130 605 1185 et
620 1122 833 1207 singulorum
855 1129 964 1185 status
987 1123 1112 1207 jugiter
1133 1144 1198 1186 ser-

143 1235 243 1290 vetur
272 1227 418 1290 illaesus
476 1225 698 1310 Quapropter,
731 1223 812 1288 dum
846 1247 888 1289 ex
924 1224 1197 1309 predecessorum

143 1349 232 1395 more
256 1332 440 1395 universali
463 1331 575 1394 curiae
600 1330 780 1394 Roncaliae
804 1351 863 1414 pro
887 1329 1048 1393 tribunali
1070 1328 1198 1394 sedere·

143 1457 228 1511 mus,
247 1458 266 1499 a
288 1435 495 1520 principibus
519 1435 657 1509 italicis,
682 1442 750 1497 tam
773 1434 956 1497 rectoribus
979 1434 1195 1497 ecclesiarum

143 1562 244 1624 quam
261 1541 335 1603 aliis
351 1539 505 1603 fidelibus
521 1539 626 1623 regni,
640 1560 708 1601 non
724 1537 869 1600 modicas
882 1539 1070 1621 accepimus
1084 1559 1197 1622 quere·

143 1643 201 1719 las,
219 1643 310 1726 quod
326 1643 486 1707 beneficia
509 1664 624 1705 eorum
648 1649 682 1706 et
705 1641 816 1717 feuda,
834 1663 920 1725 quae
944 1642 1062 1704 vasalli
1085 1642 1127 1705 ab
1150 1645 1196 1707 eis

144 1747 329 1822 tenebrant,
345 1749 415 1811 sine
432 1747 644 1810 dominorum
660 1746 797 1809 licentia
812 1745 945 1831 pignori
968 1745 1198 1832 obligaverant

144 1859 178 1914 et
200 1851 344 1934 quadam
369 1851 551 1915 collusione
577 1853 711 1914 nomine
735 1851 840 1915 libelli
856 1851 1090 1928 vendiderant,
1107 1853 1196 1917 unde

143 1954 256 2019 debita
270 1956 407 2018 servitia
422 1940 621 2019 amittebant
633 1963 667 2019 et
678 1955 839 2019 honorem
854 1956 984 2039 imperii
996 1965 1196 2042 nostraeque

142 2058 250 2123 felicis
266 2058 490 2143 expeditionis
510 2060 795 2144 complementum
818 2060 1023 2125 minuebant.
1071 2061 1197 2125 Habito

141 2164 247 2249 igitur
261 2164 400 2228 consilio
416 2165 655 2248 episcoporum,
669 2164 804 2239 ducum,
815 2164 1043 2228 marchionum
1056 2173 1091 2230 et
1101 2168 1198 2230 comi-

141 2275 226 2343 tum,
242 2268 343 2331 simul
359 2269 459 2331 etiam
481 2269 708 2352 palatinorum
729 2267 882 2354 judicum
905 2275 940 2333 et
962 2270 1103 2333 aliorum
1126 2293 1198 2355 pro

141 2395 266 2449 cerum,
278 2373 340 2436 hac
353 2371 489 2436 edictali
502 2373 585 2458 lege.
624 2373 698 2437 Deo
710 2373 855 2457 propitio
867 2381 1031 2457 perpetuo
1041 2375 1196 2450 valitura,

141 2479 340 2553 sanccimus,
366 2485 405 2540 ut
429 2477 516 2539 nulli
547 2477 647 2540 liceat
676 2476 817 2541 feudum
848 2484 958 2540 totum
983 2479 1037 2543 vel
1067 2487 1196 2564 partem

141 2582 289 2665 aliquam
306 2580 449 2644 vendere
463 2581 517 2644 vel
534 2582 709 2666 pignorare
725 2583 779 2645 vel
792 2583 1043 2667 quomodolibet
1052 2585 1195 2648 alienare

142 2686 197 2749 vel
214 2707 272 2769 pro
288 2686 398 2746 anima
414 2684 562 2769 judicare
579 2687 650 2749 sine
674 2688 890 2769 permissione
915 2689 1047 2772 majoris
1071 2686 1197 2751 domini

142 2789 185 2852 ad
201 2810 300 2872 quem
316 2788 457 2852 feudum
480 2797 630 2872 spectare
654 2789 849 2853 dinoscitur.
897 2790 995 2855 Unde
1019 2793 1198 2876 imperator

144 2892 321 2956 Lotharius
349 2901 481 2956 tantum
504 2895 539 2955 in
564 2892 680 2957 futuro
704 2916 834 2971 cavens,
858 2916 900 2958 ne
924 2895 1030 2971 fieret,
1053 2897 1198 2980 promul-

143 2998 255 3082 gavit3
279 3017 339 3059 nos
355 2996 399 3060 ad
421 2997 604 3080 pleniorem
628 3005 740 3061 autem
764 2999 860 3084 regni
884 2999 1067 3062 utilitatem
1091 3001 1198 3083 provi·

143 3100 271 3175 dautes,
295 3121 362 3163 non
385 3101 495 3164 solum
521 3102 555 3163 in
583 3108 764 3184 posterum,
787 3102 848 3166 sed
874 3104 975 3167 etiam
1003 3103 1196 3187 hujusmodi

143 3206 232 3290 prias
247 3204 381 3268 illicitas
397 3205 616 3268 alienationes
632 3213 840 3289 perpetratas
856 3206 917 3269 hac
937 3208 1082 3291 presenti
1105 3229 1197 3270 sanc-

143 3311 237 3374 cione
261 3331 428 3373 cassamus
451 3317 485 3373 et
508 3311 542 3372 in
566 3310 698 3373 irritum
721 3309 940 3385 deducimus3
964 3311 1092 3373 nullius
1116 3319 1195 3373 tem·

143 3417 233 3500 poris
258 3416 495 3499 prescriptione
524 3414 737 3498 impediente,
762 3423 893 3500 emptor
919 3415 1024 3479 bonae
1052 3414 1129 3478 fidei
1155 3414 1195 3478 de

144 3522 255 3604 precio
271 3521 435 3584 actionem
450 3519 571 3583 habeat
586 3527 703 3583 contra
717 3518 929 3583 venditorem
939 3527 1194 3604 corupetentem.

145 3623 283 3688 Callidis
299 3626 435 3708 insuper
450 3623 671 3707 quorumdam
687 3623 991 3686 machinationibus
1010 3622 1195 3697 obviantes

144 3728 203 3812 qui
220 3729 331 3812 precio
354 3736 489 3812 accepto
514 3728 609 3812 quasi
632 3727 694 3791 sub
717 3727 824 3791 colore
849 3727 1078 3801 investiturae,
1096 3747 1197 3810 quam
