2768 4268
190 297 232 360 88
351 309 354 314 ’
409 312 541 360 SELEGT
564 312 771 359 MEDIAEVAL
797 311 1026 359 DOCUMENTS.

189 481 252 545 sibi
268 482 369 545 licere
387 480 514 557 dicunt,
531 480 633 545 feuda
649 480 804 545 vendunt
820 482 904 545 etin
922 481 1004 545 alios
1026 481 1247 558 transferunt,

189 586 311 649 netale
332 585 530 670 figmentum
547 586 601 649 vel
626 585 719 647 aliud
742 586 886 648 ulterius
909 586 943 647 in
968 584 1121 649 fraudem
1143 585 1247 670 hujus

189 697 321 753 nostrae
348 690 597 753 constitutionis
621 690 842 775 excogitetur,
867 689 1021 752 omnibus
1045 689 1151 752 modis
1174 712 1247 773 pro·

190 794 361 868 hibemus3
386 794 483 877 plena
504 795 704 858 auctoritate
729 800 842 856 nostra
864 800 1060 868 statuentes,
1078 801 1117 857 ut
1132 793 1249 857 vendi·

190 905 244 961 tor
274 905 308 961 et
338 905 477 981 emptor,
509 899 568 981 qui
599 906 669 960 tam
699 898 819 960 illicita
850 898 1057 960 contraxisse
1091 905 1246 981 repertus

190 1002 304 1077 fuerit,
331 1001 471 1065 feudum
499 1003 642 1076 amittat,
670 1010 706 1065 et
731 1001 774 1064 ad
801 1000 975 1064 dominum
1006 1001 1107 1065 libere
1138 1023 1248 1066 rever·

191 1113 283 1169 tatur
290 1129 298 1180 ;
322 1106 428 1170 scriba
450 1127 538 1181 ver0,
557 1107 616 1190 qui
638 1127 740 1190 super
762 1105 825 1168 hoc
850 1106 1114 1168 instrumentum
1137 1107 1247 1169 sciens

191 1211 434 1294 conscripserit,
469 1217 546 1293 post
582 1211 795 1273 amissionem
833 1208 933 1273 officii
971 1231 1048 1273 curn
1086 1209 1246 1274 infamiae

190 1315 342 1399 periculo
367 1335 502 1377 manum
526 1315 669 1377 amittat.
716 1313 882 1389 Preterea,
899 1314 926 1377 si
950 1315 1026 1397 quis
1048 1313 1247 1378 infeudatus

191 1420 296 1504 major
322 1418 364 1481 14
391 1419 485 1482 annis
513 1440 573 1482 sua
603 1419 732 1481 incuria
762 1419 817 1482 vel
848 1439 909 1480 sua
939 1419 1157 1504 neglegentia
1187 1440 1247 1502 per

191 1545 317 1586 annum
334 1530 368 1586 et
385 1522 473 1586 diem
488 1523 628 1598 steterit,
646 1522 736 1606 quod
752 1521 846 1586 feudi
858 1523 1090 1585 investituram
1108 1523 1247 1606 aprimo

191 1627 327 1691 domino
338 1648 403 1690 non
415 1627 558 1710 petierit,
569 1633 736 1689 transacto
746 1626 808 1689 hoo
821 1627 939 1711 spatio,
952 1625 1091 1690 feudum
1101 1627 1246 1702 amittat,

192 1731 283 1795 etad
304 1731 476 1794 dominum
499 1730 622 1794 redeat.
670 1730 827 1794 Firmiter
848 1731 950 1794 etiam
972 1731 1152 1794 statuimus
1176 1737 1245 1793 tam

191 1836 227 1898 in
242 1835 341 1899 ltalia
354 1857 453 1919 quam
468 1834 678 1909 Alamannia,
691 1842 740 1910 ut,
754 1835 959 1918 quicumque
975 1834 1101 1898 indicta
1112 1834 1246 1919 publice

192 1940 404 2024 expeditione
428 1947 567 2002 vocatus
594 1961 613 2002 a
640 1938 774 2002 domino
801 1960 862 2002 suo
876 1937 929 2001 'ad
944 1929 1089 2002 'eandem
1113 1938 1248 2022 expedi·

192 2045 319 2108 tionem
337 2044 444 2128 spatio
469 2044 673 2126 competenti
692 2043 806 2106 venire
823 2042 1048 2126 supersederit
1066 2043 1119 2106 vel
1142 2043 1246 2106 alium

191 2170 251 2232 pro
276 2170 310 2212 se
336 2148 469 2211 domino
494 2148 732 2230 acceptabilem
758 2148 892 2211 mittere
920 2147 1166 2230 contempserit,
1189 2148 1246 2210 vel

192 2251 368 2315 dimidium
389 2252 517 2315 reditus
540 2251 634 2315 feudi
658 2253 758 2315 unius
782 2252 863 2314 anni
886 2250 1021 2314 domino
1045 2273 1113 2314 non
1136 2251 1249 2314 minis·

192 2357 342 2432 traverit,
360 2355 510 2431 feudum,
528 2355 619 2439 quod
635 2355 677 2418 ab
699 2356 852 2440 episcopo
875 2363 934 2420 aut
956 2355 998 2418 ab
1021 2356 1086 2418 alio
1109 2354 1247 2419 domino

191 2461 302 2536 habet,
333 2461 477 2536 amittat,
508 2467 543 2524 et
573 2459 726 2522 dominus
757 2459 852 2523 feudi
882 2461 918 2522 in
950 2481 1028 2523 usos
1055 2481 1133 2523 suos
1160 2459 1248 2523 illud

192 2564 368 2649 redigendi
384 2564 535 2628 omnibus
553 2563 658 2627 modis
675 2564 795 2627 habeat
806 2571 1020 2647 potestatem.

237 2669 411 2732 Preterea:
436 2668 589 2743 ducatus,
607 2668 763 2743 marchia,
781 2669 960 2731 comitatus
978 2667 1018 2731 cle
1036 2675 1167 2732 caetero
1178 2689 1247 2731 non

192 2773 375 2847 divitatur3
399 2772 492 2835 aliud
516 2779 629 2835 autem
652 2771 802 2846 feudum,
818 2773 846 2835 si
871 2781 1041 2836 consortes
1066 2773 1248 2848 voluerint,

192 2877 376 2953 dividatur,
399 2878 447 2939 ita
471 2884 511 2940 ut
537 2897 650 2940 omnes
676 2877 734 2959 qui
763 2882 891 2959 partem
915 2875 1009 2939 feudi
1032 2876 1158 2941 habent
1180 2877 1247 2960 jam

192 2981 292 3046 divisi
309 2982 363 3045 vel
380 2980 553 3045 dividendi
569 2980 766 3044 fidelitatem
780 2980 915 3043 domino
927 2979 1063 3055 faciant,
1076 2981 1123 3042 ita
1135 2987 1247 3044 tamen

193 3093 232 3148 ut
247 3086 410 3149 vassallus
427 3107 485 3169 pro
502 3106 569 3147 uno
586 3083 689 3148 feudo
706 3085 818 3169 plures
840 3084 991 3148 dominos
1014 3106 1083 3147 non
1106 3085 1249 3168 compel-

192 3191 283 3252 latur
305 3189 436 3265 habere,
456 3211 516 3253 nec
541 3188 695 3252 (lominus
719 3188 859 3252 feudum
882 3190 953 3253 sine
977 3189 1153 3252 voluntate
1176 3209 1249 3252 vas-

192 3295 352 3357 sallorum
376 3294 418 3356 ad
441 3295 545 3356 alium
569 3291 768 3366 transferat3
792 3294 938 3377 insuper,
955 3293 982 3355 si
1005 3291 1094 3356 filius
1112 3292 1247 3355 vassalli

193 3397 366 3461 dominum
383 3396 571 3472 offenderit,
588 3404 692 3480 pater,
705 3419 725 3460 a
741 3395 876 3459 domino
893 3397 1086 3480 requisitus,
1099 3395 1250 3459 adducat

193 3502 300 3565 filium
317 3502 360 3565 ad
375 3501 649 3565 satisfaciendum
665 3501 799 3564 domino
817 3502 871 3564 vel
889 3522 907 3563 a
923 3522 957 3564 se
974 3500 1082 3563 filium
1105 3507 1248 3584 separet,

193 3607 344 3690 alioquin
357 3605 459 3669 feudo
471 3606 623 3690 privetur
635 3628 642 3679 ;
659 3606 687 3668 si
700 3627 778 3668 vero
788 3612 884 3688 pater
894 3605 971 3668 vult
983 3626 1059 3667 eum
1070 3604 1248 3680 deducere,

194 3718 234 3774 ut
248 3710 441 3785 satisfaciat,
457 3709 546 3773 filius
570 3718 683 3773 autem
705 3709 922 3793 contempnit,
939 3716 1032 3792 patre
1054 3716 1188 3772 mortuo
1212 3708 1248 3770 in
1296 3722 1304 3739 ·
