2768 4268
163 305 224 367 126
382 320 513 366 suasor
537 319 743 366 irnnrmvar,
766 318 994 366 ooccnnnrs.

162 491 294 573 ruptela
310 489 458 553 detinuit
470 489 655 553 exercitum
671 488 900 562 christianum,
914 486 1005 571 quod
1021 507 1088 549 non
1105 488 1215 551 solum

162 616 282 680 magua
299 615 373 677 pars
389 592 505 676 plebis,
523 614 639 658 verum
662 594 763 656 etiam
787 613 853 655 non
877 589 1007 654 modica
1030 593 1218 656 multitudo

162 698 323 761 nobilium
355 706 389 760 et
420 707 615 782 magnatum
649 697 850 780 pestilentia,
881 698 954 760 sitis
992 698 1148 762 ariditate
1180 708 1217 763 et

162 803 277 865 multis
301 801 631 865 incommoditatibus
659 801 834 884 expiravit.
894 801 987 866 Inter
1014 825 1098 886 quos
1125 803 1218 867 defe-

162 917 280 970 cerunt
304 906 386 968 bone
410 906 566 968 memorie
590 905 709 968 nobilis
728 906 777 968 vir
794 903 1019 993 Lantgravius
1038 917 1073 972 et
1092 909 1218 992 episco-

162 1032 224 1094 pus
250 1011 485 1094 Augustensis.
544 1009 625 1072 Pars
654 1031 730 1073 vero
758 1032 826 1075 nou
854 1012 990 1075 minima
1019 1012 1216 1076 infirmitate

162 1124 301 1199 gravata
325 1113 515 1198 regrediens
539 1115 572 1175 in
598 1115 660 1177 viis
684 1123 718 1178 et
740 1117 844 1191 silvis
868 1116 1047 1190 montibus,
1064 1116 1218 1200 planitiis

163 1226 198 1280 et
221 1218 376 1301 spelaeis,
403 1218 560 1281 occubuit
586 1219 652 1303 jam
678 1243 720 1284 ex
746 1228 850 1305 parte.
897 1219 983 1284 Sane
1009 1220 1130 1303 reliqui
1157 1222 1215 1284 vix

164 1323 368 1405 imperatoris
399 1321 535 1384 obtenta
566 1323 712 1401 licentia,
743 1327 825 1389 licet
855 1326 959 1411 galee,
992 1323 1146 1388 calendie
1177 1346 1216 1388 ac

164 1448 264 1488 naves
284 1427 485 1489 sufficientes
509 1427 551 1489 ad
575 1431 752 1493 transitum
770 1430 968 1493 victualium
990 1430 1165 1493 hominum
1182 1438 1219 1493 et

163 1553 336 1614 equorum,
360 1538 399 1593 ut
422 1534 628 1614 promiserat,
648 1553 718 1597 non
742 1534 906 1609 adessent,
931 1535 964 1596 in
991 1533 1078 1598 festo
1103 1542 1216 1597 tamen

165 1635 361 1697 Natiuitatis
385 1635 472 1698 beati
497 1637 656 1723 Virginis,
682 1661 757 1702 cum
781 1639 848 1723 jam
871 1639 1030 1720 temporis
1054 1639 1218 1701 instantia

165 1740 363 1816 immineret,
381 1751 420 1803 ut
436 1764 536 1806 naves
561 1764 579 1805 a
603 1743 831 1805 transmarinis
855 1741 1005 1825 partibus
1029 1743 1219 1826 inciperent

164 1865 317 1919 remeare,
334 1846 463 1909 sulcare
487 1847 588 1909 maria
611 1847 823 1922 inchoarunt,
839 1868 874 1909 se
898 1868 958 1930 pro
981 1847 1115 1910 nomine
1133 1846 1216 1909 Jesu

164 1948 289 2011 Christi
309 1949 491 2013 discrimini
515 1953 761 2015 committentes
785 1972 821 2013 ac
846 1950 1019 2014 credentes
1043 1951 1219 2034 imperato-

165 2082 233 2123 rem
258 2060 409 2121 comiuus
433 2079 546 2121 eorum
571 2056 752 2141 vestigium
775 2062 980 2118 secut-urum.
1027 2054 1121 2118 ldem
1138 2077 1218 2118 vero

165 2166 334 2228 evacuatis
351 2160 633 2246 promissionibus,
651 2160 758 2243 ruptis
775 2159 920 2222 vinculis
941 2158 1062 2241 quibus
1086 2157 1218 2222 teneba-

165 2279 221 2332 tur
237 2270 402 2341 astrictus‚
420 2267 548 2329 calcato
572 2266 689 2327 timore
710 2263 834 2337 divine,
851 2270 1044 2345 contempta
1067 2284 1220 2326 reveren-

165 2376 212 2438 tia
228 2375 249 2436 J
252 2395 310 2436 esu
328 2371 464 2446 Christi,
478 2390 617 2433 censura
634 2368 856 2431 ecclesiastica
869 2367 1042 2450 vilipensa,
1056 2366 1218 2430 derelicto

165 2479 316 2543 exercitu
333 2475 523 2549 christian0,
540 2473 692 2556 exposita
714 2471 904 2535 infidelibus
921 2479 1008 2534 terra
1023 2479 1148 2544 sancta,
1165 2469 1220 2534 de·

165 2586 299 2648 votione
331 2583 446 2667 populi
477 2578 649 2644 christiani
681 2575 818 2660 abjecta,
851 2576 886 2636 in
918 2596 1016 2637 suurn
1048 2582 1083 2637 et
1112 2575 1218 2638 totius
1296 2658 1299 2664 Ι

165 2688 417 2751 christianitatis
443 2683 654 2768 opprobrium
678 2688 857 2743 retrorsum
880 2679 970 2750 abiit,
995 2685 1158 2741 attractus
1184 2686 1221 2741 et

165 2794 300 2857 illectus
316 2791 358 2854 ad
375 2797 550 2853 consuetas
567 2786 703 2849 delicias
728 2784 820 2868 regni
845 2783 907 2858 sui,
924 2782 1143 2867 abjectionem
1165 2783 1219 2844 sui

166 2897 273 2961 cordis
299 2896 428 2958 frivolis
453 2890 732 2962 excusationibus,
751 2895 790 2950 ut
809 2886 932 2950 dicitur
955 2887 1101 2970 gestiens
1125 2887 1221 2969 palli·
1300 2929 1302 2932 >

166 3024 231 3064 are.
278 2998 456 3063 Attendite
473 3005 506 3061 et
524 2996 635 3059 videte
652 2996 679 3058 si
703 3001 755 3057 est
771 2991 865 3054 dolor
879 2992 966 3054 sicut
983 2989 1078 3053 dolor
1093 2997 1222 3073 aposto-

165 3107 227 3168 lice
246 3104 340 3168 Sedis
357 3103 471 3165 matris
488 3108 606 3175 vestre,
619 3100 665 3163 sic
684 3097 865 3161 crudeliter
882 3103 916 3159 et
931 3096 1029 3157 toties
1046 3093 1184 3176 decepte
1201 3116 1222 3156 a

166 3210 234 3272 filio
252 3231 351 3293 quem
368 3209 561 3279 lactaverat,
580 3205 613 3266 in
632 3225 699 3287 quo
715 3203 886 3265 locaverat
903 3200 937 3260 in
954 3199 1015 3261 hoo
1032 3197 1122 3261 facto
1138 3196 1222 3260 fidu-

167 3315 251 3376 ciam
274 3313 344 3396 spei
369 3334 438 3382 sue,
464 3312 496 3371 in
521 3331 620 3393 quem
645 3315 696 3370 tot
720 3305 957 3369 beneficiorum
981 3301 1221 3365 abundantiam

167 3418 362 3489 cumularat,
380 3413 604 3477 dissimulares
620 3411 756 3475 interim
775 3431 815 3472 ne
836 3409 1008 3471 occasione
1032 3406 1171 3468 inventa
1187 3427 1223 3468 se

167 3528 332 3584 averteret
348 3541 367 3582 a
383 3527 467 3582 terre
484 3523 597 3580 sancte
614 3514 772 3589 subsidio,
789 3513 889 3577 exilia
905 3511 1088 3596 presulum,
1105 3509 1224 3593 spolia-

168 3626 286 3698 tiones,
305 3623 516 3707 captivitates
533 3628 567 3684 et
582 3619 721 3703 injurias
738 3616 942 3700 multiplices
964 3636 1048 3699 quas
1073 3613 1224 3677 ecclesiis

168 3736 203 3792 et
225 3728 388 3813 religiosis
413 3734 446 3790 et
470 3725 597 3789 clericis
622 3722 795 3808 irrogavit,
821 3728 854 3785 et
879 3718 1060 3783 obaudiens
1089 3716 1224 3800 querlas
