2768 4268
158 335 200 397 62
377 347 508 396 sunnon
531 348 737 395 nmnnavnn
753 349 983 399 nocunnnrs.

159 520 260 595 chias‚
277 526 438 593 monetas,
455 524 490 582 et
506 525 616 581 cetera
639 517 681 580 ad
704 519 799 604 regni
819 518 994 582 servitium
1010 519 1215 602 pertinentia

158 630 367 708 acceperunt.
415 621 513 684 Unde
530 622 631 685 etiam
649 642 720 684 mos
744 622 886 686 inolevit
902 622 1060 686 ecclesiae
1084 624 1216 689 intolle-

158 727 315 802 rabiliter,
339 734 379 789 ut
405 725 551 809 episcopi
579 725 677 788 electi
706 725 901 788 nullomodo
931 728 1214 793 consecrationem

157 833 357 916 acciperent,
373 831 438 892 nisi
456 830 549 913 prius
573 850 632 912 per
652 850 788 892 manum
812 831 937 915 regiam
962 831 1213 897 investirentur.

159 936 236 1015 Qua
258 957 300 999 ex
324 955 423 998 causa
446 942 481 997 et
502 934 692 1018 symoniace
709 934 834 998 heresis
852 935 1010 1018 pravitas,
1028 944 1063 999 et
1078 936 1215 1002 ambitio

158 1061 401 1124 nonnunquam
417 1045 512 1101 tanta
525 1039 703 1120 prevaluit,
718 1039 865 1102 utnulla
879 1040 1040 1104 electione
1053 1043 1226 1124 premissa

158 1145 361 1230 episcopales
393 1142 550 1206 cathedre
581 1141 827 1207 invaderentur.
888 1143 1084 1228 Aliquando
1113 1147 1214 1209 etiam

157 1250 244 1314 vivis
276 1248 438 1332 episcopis
470 1247 621 1310 investiti
652 1255 742 1311 sunt.
793 1247 858 1311 His
890 1256 924 1311 et
955 1249 1029 1311 aliis
1060 1249 1215 1333 plurimis

158 1354 361 1437 malisque
392 1374 451 1436 per
481 1352 698 1415 investituras
737 1353 936 1436 plerumque
969 1354 1213 1439 contingerant,

157 1457 404 1543 predecessores
421 1457 537 1532 nostri,
556 1454 739 1540 Gregorius
757 1455 850 1531 VII,
869 1456 1025 1519 Urbanus
1044 1456 1215 1521 Infelicis

158 1562 315 1625 memorie
339 1560 512 1644 pontifices
537 1561 685 1635 excitati,
703 1560 854 1624 collectis
879 1559 1075 1643 frequenter
1094 1562 1215 1644 episco-

158 1665 288 1750 palibus
305 1665 464 1739 conciliis,
481 1664 698 1727 investituras
714 1664 790 1727 illas
809 1685 927 1727 manns
953 1665 1036 1728 laice
1061 1664 1216 1748 dampna·

158 1777 290 1844 verunt,
307 1777 341 1832 et
357 1769 416 1852 qui
431 1790 490 1852 per
505 1789 559 1832 eas
576 1767 799 1831 obtinuissent
815 1769 971 1832 ecelesias
989 1768 1213 1852 deponendos

159 1873 337 1937 donatores
365 1894 500 1956 quoque
525 1873 792 1936 communionem
815 1872 996 1955 privandos
1020 1894 1217 1956 percensue-

159 1984 258 2051 runt;
297 1977 385 2061 justa
405 1970 503 2039 'illua
539 1977 798 2060 apostolicorum
830 1998 997 2040 canonum
1029 1978 1215 2061 capitulum

160 2080 252 2165 quod
270 2082 318 2144 ita
336 2102 371 2144 se
388 2080 479 2145 abet:
505 2079 540 2143 Si
564 2082 640 2164 quis
664 2081 839 2164 episcopus
863 2082 968 2144 seculi
992 2081 1216 2165 potestatibus

160 2207 240 2249 usus
265 2186 439 2249 ecclesiam
456 2207 515 2268 per
530 2186 618 2268 ipsos
635 2184 794 2260 obtineat,
812 2185 1000 2269 deponatur
1017 2193 1051 2250 et
1067 2207 1217 2272 segrege·

160 2298 225 2366 tur,
243 2311 424 2372 omnesque
444 2290 503 2372 qui
524 2289 576 2351 illi
597 2291 856 2353 communicant.
904 2289 1056 2368 Quorum
1074 2291 1216 2376 vestigia

160 2393 412 2477 subsequentes
430 2400 464 2457 et
479 2414 539 2456 nos
556 2414 670 2456 eorum
685 2395 887 2457 sententiam
906 2394 1087 2478 episcopali
1111 2394 1217 2458 conci-

160 2499 205 2561 lio
223 2498 502 2561 confirmavimus.
550 2497 625 2560 Tibi
644 2498 758 2581 itaque
775 2498 823 2560 fili
843 2497 1016 2561 karissime
1036 2520 1094 2562 rex
1115 2498 1218 2561 Hein-

160 2603 236 2677 rice,
253 2608 288 2665 et
303 2623 392 2665 nunc
412 2623 472 2686 per
489 2600 634 2664 officinm
658 2609 808 2665 nostrum
834 2601 898 2666 Dei
922 2603 1030 2686 gratia
1055 2602 1218 2665 Rornano-

160 2728 236 2769 rum
251 2707 440 2789 imperator‚
457 2712 492 2769 et
508 2727 611 2791 regno
628 2707 753 2790 regalia
778 2705 979 2768 dimittenda
1003 2707 1216 2790 precipimus,

161 2831 226 2893 que
246 2808 290 2872 ad
308 2830 451 2894 regnum
474 2809 651 2873 manifeste
676 2809 898 2892 pertinebant,
916 2817 1065 2893 ternpore
1089 2810 1216 2884 Kamli,

161 2913 320 2997 Lodoicy,
338 2920 372 2976 et
388 2921 575 2976 ceterorum
590 2913 862 2997 predecessorum
885 2922 1031 2977 tuorum.
1079 2913 1218 2976 Interdi-

161 3005 267 3081 cimus
293 3026 327 3081 et
351 3017 413 3080 sub
437 3017 659 3081 anathematis
686 3017 930 3081 districtionem
956 3017 1154 3101 proibemus,
1175 3039 1216 3080 ue

161 3122 237 3205 quis
263 3122 493 3205 episcoporum
519 3143 579 3184 seu
604 3121 772 3197 abbatum,
798 3123 980 3205 presentinr
1008 3123 1063 3185 vel
1091 3121 1219 3184 futuro·
1269 3188 1271 3192 μ

161 3248 245 3300 rum,
270 3224 384 3288 eadem
409 3225 534 3309 regalia
558 3225 729 3289 invadant.
780 3225 820 3287 ld
844 3232 903 3301 est,
925 3226 1099 3310 cyvitates‚
1120 3225 1218 3288 duca-

162 3337 226 3403 tuS,
244 3329 416 3403 marchias,
434 3330 622 3402 comitatus,
640 3337 802 3404 monetas,
819 3331 997 3404 teloneum,
1021 3337 1215 3403 mercatum,

162 3432 352 3497 advocatias
368 3433 474 3517 regni,
491 3434 567 3516 jura
583 3433 828 3506 centurionum,
846 3441 881 3496 et
896 3442 1007 3496 curtes
1030 3454 1095 3516 que
1115 3433 1217 3496 mani·

163 3536 247 3600 feste
263 3537 359 3621 regni
375 3543 479 3610 erant,
497 3559 572 3600 cum
594 3538 806 3621 pertinentiis
830 3539 907 3612 suia,
924 3537 1045 3600 militia
1061 3546 1095 3600 et
1111 3544 1217 3600 castra

163 3641 268 3726 regni.
315 3640 384 3703 Nec
401 3662 435 3703 se
453 3639 619 3723 deinceps
636 3642 700 3704 nisi
716 3641 824 3727 gratia
840 3642 938 3727 regis,
956 3640 996 3704 de
1020 3641 1099 3724 ipsis
1124 3662 1216 3726 rega·

162 3744 250 3808 libus
271 3744 509 3807 intromittant.
556 3743 615 3807 Set
637 3765 698 3808 nec
722 3745 863 3828 posteris
887 3744 1010 3807 nostris
1033 3744 1135 3808 liceat
1158 3745 1217 3827 qui
