2768 4268
295 305 430 353 Psslol)
453 305 500 353 OF
521 306 596 352 ΤΗΕ
618 305 862 354 FRANGONIAN
885 308 1090 356 EMPERORS.
1177 291 1219 357 53

163 496 247 550 cere,
263 495 370 539 meam
387 475 590 559 contempsit
600 477 858 560 responsionem.
905 476 1090 562 Postquam
1105 485 1219 543 autern

162 579 335 663 persensit,
349 600 383 643 se
397 600 464 642 non
477 600 573 663 posse
586 580 674 643 sicut
689 581 838 664 speravit
853 602 963 667 agere,
977 581 1044 645 duo
1061 583 1217 667 episcopi,

163 682 394 747 Verdunensis
411 682 569 747 videlicet
584 691 619 747 et
635 683 914 770 Osenburgensis
928 684 969 750 de
985 688 1217 752 consentaneis

162 789 242 862 suis,
260 788 400 851 Romam
416 795 585 851 venerunt
600 795 635 852 et
650 789 685 850 in
701 788 828 874 synodo
841 797 988 875 exparte
1003 790 1141 855 Henrici
1155 813 1216 869 me,

164 900 202 955 ut
225 893 254 955 ei
278 892 443 974 justitiam
466 891 621 967 facerem,
644 901 860 979 rogaverunt.
916 892 1018 971 Quod
1043 903 1077 959 et
1102 897 1217 959 nuncii

164 995 300 1059 Rodulfi
316 996 386 1059 fieri
402 995 636 1060 laudaverunt.
676 996 837 1072 Tandem,
854 999 1022 1081 aspirante
1039 999 1112 1062 Deo
1128 1000 1218 1064 siout

163 1100 272 1176 crede,
296 1102 401 1164 statui
423 1101 457 1163 in
483 1099 599 1164 eadem
624 1100 771 1187 synodo:
805 1103 840 1164 in
863 1102 1013 1186 partibus
1037 1102 1218 1168 ultramon-

163 1206 250 1268 tanis
267 1204 338 1270 fieri
354 1205 572 1289 colloquium,
589 1213 628 1268 ut
651 1205 720 1269 illic
745 1213 805 1269 aut
827 1227 893 1290 pax
917 1214 1124 1271 statueretur
1147 1214 1216 1283 aut,

163 1311 218 1373 cui
237 1309 380 1394 amplius
403 1309 534 1395 justitia
556 1308 696 1385 faveret,
713 1317 981 1395 cognosceretur.
1028 1311 1101 1397 Ego
1117 1313 1216 1384 enim,

162 1415 251 1478 sicut
267 1435 326 1478 vos
342 1413 426 1476 mihi
441 1421 543 1478 testes
560 1415 639 1477 estis
656 1423 766 1498 patres
782 1420 817 1478 et
833 1413 969 1489 domini,
987 1436 1093 1498 usque
1117 1415 1216 1480 hodie

162 1519 291 1582 nullam
300 1526 429 1603 partem
440 1517 589 1602 disposui
602 1517 760 1601 adjuvare
771 1519 835 1580 nisi
846 1539 929 1594 eam,
938 1519 992 1581 cui
1002 1518 1078 1603 plus
1088 1520 1218 1604 justitia

162 1621 302 1686 faveret.
349 1622 396 1686 Et
421 1622 501 1705 quia
523 1620 693 1704 putabam,
717 1620 809 1704 quod
839 1622 995 1706 injustior
1018 1644 1094 1706 pars
1117 1624 1218 1687 collo-

164 1727 282 1809 quium
301 1725 408 1789 nollet
427 1725 507 1799 fieri,
524 1724 581 1787 ubi
601 1724 731 1808 justitia
747 1747 846 1788 suum
862 1727 973 1789 locum
989 1736 1147 1802 servaret,
1164 1749 1218 1792 ex-

163 1829 408 1893 communicavi
424 1837 458 1892 et
473 1828 684 1893 anathemate
700 1829 837 1914 alligavi
850 1850 964 1893 omnes
976 1851 1134 1913 personas
1146 1833 1216 1896 sive

163 1934 252 2018 regis
273 1933 344 1997 sive
368 1932 463 1996 ducis
486 1939 546 1996 aut
568 1932 714 2017 episcopi
737 1954 796 1997 seu
820 1933 961 2018 alicujus
984 1933 1139 2010 hominis,
1159 1937 1219 2019 qui

164 2038 371 2122 colloquium
387 2037 501 2121 aliquo
516 2037 654 2124 ingenio
669 2036 857 2121 impediret,
870 2044 989 2101 utnon
1006 2038 1109 2103 fieret.
1142 2039 1219 2104 Pre-

164 2141 274 2206 dictus
290 2149 404 2206 autem
420 2141 602 2206 Heinricus
619 2162 696 2205 cum
711 2142 781 2205 suis
797 2140 996 2217 fautoribus,
1013 2163 1080 2206 non
1095 2144 1217 2208 timens

163 2247 351 2331 perieulum
366 2245 632 2310 inoboedientiae
650 2244 742 2330 quod
757 2252 808 2310 est
823 2246 932 2309 scelus
952 2246 1137 2323 idolatriae,
1154 2248 1219 2312 col-

162 2351 315 2435 loquium
331 2349 544 2434 impediendo
560 2350 943 2414 excommunicationem
965 2351 1116 2424 incurrit,
1133 2360 1167 2415 et
1182 2373 1217 2416 se

163 2455 273 2539 ipsum
289 2455 510 2519 anathematis
526 2454 664 2518 vinculo
680 2454 844 2540 alligavit,
863 2475 1085 2540 magnamque
1107 2455 1219 2520 multi·

164 2558 316 2623 tudinem
340 2558 598 2622 christianorum
616 2558 715 2621 morti
731 2556 818 2621 tradi
835 2566 870 2622 et
885 2558 1041 2622 ecclesias
1057 2557 1140 2623 fecit
1156 2559 1219 2624 dis·

162 2659 273 2742 sipari,
291 2667 325 2722 et
341 2666 451 2722 totum
467 2679 571 2742 paene
586 2657 850 2722 Teutonicorum
862 2678 1003 2742 regnum
1018 2657 1217 2722 desolationi

164 2762 267 2826 dedit.
315 2761 537 2845 Quapropter,
554 2761 725 2825 confidens
742 2759 783 2825 de
801 2760 925 2845 judicio
942 2770 976 2825 et
991 2762 1217 2826 misericordia

164 2866 228 2929 Dei
240 2866 379 2951 ejusque
392 2866 520 2949 piisime
534 2865 648 2929 matris
659 2886 791 2948 semper
804 2865 943 2950 virginis
957 2864 1094 2940 Mariae,
1108 2865 1217 2930 tultus
1292 2897 1299 2907 ¹

163 2979 274 3034 restra
297 2970 509 3042 auctoritate,
528 2990 625 3053 saepe
650 2969 859 3032 nominatum
884 2968 1091 3043 Heinricum‚
1116 2991 1218 3053 quem

164 3096 277 3160 regem
307 3073 436 3147 dicunt,
462 3093 644 3156 omnesque
675 3071 824 3136 fautores
855 3072 927 3155 ejus
955 3073 1219 3136 excommunica-

163 3179 247 3241 tioni
265 3177 395 3242 subicio
411 3185 446 3241 et
461 3176 683 3241 anathematis
700 3175 843 3239 vinculis
866 3176 978 3261 alligo,
1025 3174 1071 3240 Et
1093 3176 1217 3240 iterum

163 3304 305 3368 regnum
322 3282 587 3347 Teutonicorum
607 3289 643 3345 et
662 3280 779 3344 Italiae
801 3301 843 3344 ex
863 3287 956 3363 parte
979 3280 1217 3364 omnipotentis

164 3387 228 3451 Dei
244 3396 279 3452 et
294 3394 405 3451 vestra
421 3384 624 3450 interdicens
640 3386 680 3459 ei,
698 3404 830 3448 omnem
846 3390 1046 3467 potestatem
1062 3390 1097 3447 et
1113 3382 1219 3468 digni-

163 3499 267 3555 tatem
289 3492 340 3554 illi
363 3492 490 3575 regiam
510 3490 613 3564 tollo;
637 3496 680 3563 et,
705 3495 745 3552 ut
767 3487 882 3550 nullus
906 3486 1163 3550 christianorum
1187 3487 1217 3550 ei

162 3596 251 3660 sicut
272 3596 343 3681 regi
362 3593 527 3669 oboediat,
544 3592 728 3666 interdi003
753 3611 944 3674 omnesque,
962 3590 1021 3674 qul
1041 3591 1072 3654 ei
1090 3590 1219 3673 jurave·

164 3709 244 3764 runt
266 3700 321 3764 vel
342 3698 504 3785 jurabunt
526 3697 566 3762 de
590 3698 686 3783 regni
717 3694 954 3768 dominatione,
986 3715 1005 3757 a
1036 3693 1217 3778 juramenti
