2768 4268
297 373 436 421 PERIOD
459 373 505 421 OF
528 373 602 419 THE
624 371 869 420 FRANGONIAN
892 371 1097 420 EMPERORS·
1180 352 1221 419 57

167 541 319 624 pecunia,
343 539 631 624 impudentissime
656 541 834 626 objectum,
859 542 954 626 cujus
977 540 1110 605 fructus
1133 547 1224 624 patc-

166 643 299 708 faoiunt
321 643 476 720 radicem,
500 646 595 730 cujus
619 667 719 730 opera
746 645 964 710 manifestant
990 645 1222 720 intentionem,

167 749 226 832 qui
242 748 507 812 ecclesiasticum
522 748 689 814 subvertit
711 749 870 825 ordinem,
888 751 946 834 qui
970 749 1142 813 christiani
1166 748 1223 810 im-

166 853 249 936 perii
265 852 476 937 perturbavit
491 854 651 939 regimen,
669 855 727 938 qui
743 855 814 940 regi
834 854 998 919 catholico
1021 875 1061 918 ac
1085 852 1222 937 pacifico

166 957 311 1041 corporis
339 965 373 1021 et
399 958 528 1021 animae
551 959 698 1022 intentat
725 966 876 1034 mortem,
902 958 960 1042 qui
987 958 1159 1042 perjurum
1186 964 1221 1020 et

166 1060 369 1144 proditorem
386 1060 539 1126 defendit
554 1084 677 1149 regern,
695 1063 754 1146 qui
770 1063 859 1127 inter
881 1061 1060 1127 concordes
1083 1060 1222 1124 semina·

166 1165 217 1228 vit
232 1164 441 1242 discordiam,
454 1167 543 1230 inter
555 1167 709 1251 pacificos
722 1167 809 1242 lites,
821 1168 910 1231 inter
920 1167 1042 1230 fratres
1054 1165 1220 1242 scandala,

166 1268 310 1333 divortia
319 1271 407 1334 inter
417 1272 588 1357 conjuges,
600 1279 645 1347 et,
656 1270 819 1355 quicquid
829 1272 936 1355 quieti
948 1272 1036 1335 inter
1045 1272 1098 1355 pie
1109 1271 1222 1334 viven-

166 1380 217 1438 tes
232 1382 336 1439 stares
349 1375 536 1450 videbatur,
555 1376 733 1439 concussit.
769 1375 993 1459 Quapropter,
1011 1383 1050 1439 ut
1064 1374 1223 1459 praeliba·

166 1484 240 1541 tum
263 1485 322 1553 est,
346 1500 405 1543 nos
429 1488 565 1544 auctore
590 1479 662 1543 Deo
687 1481 880 1565 congregati
903 1481 938 1542 in
962 1500 1078 1554 unum,
1101 1479 1221 1564 legatis

165 1603 203 1645 ac
235 1582 357 1646 litteris
383 1582 461 1646 freti
487 1583 529 1645 19
557 1585 788 1667 cpiscoporum
820 1584 873 1648 die
904 1591 1020 1648 sancto
1051 1584 1220 1668 praeteriti

168 1685 383 1750 Pentecostes
409 1687 604 1773 Mogontiae
632 1695 912 1774 congregatorum
936 1694 1053 1753 contra
1077 1686 1221 1752 eundern

166 1789 433 1872 procacissimum
447 1790 718 1855 Hildebrandum
733 1792 906 1877 sacrilegia
916 1813 953 1856 ac
966 1792 1121 1856 incendia
1130 1814 1221 1876 prae·

166 1892 342 1969 dicantem,
355 1895 500 1979 perjuria
516 1903 551 1959 et
567 1895 746 1960 homicidia
763 1895 1010 1972 defendentem,
1024 1897 1221 1961 catholicam

165 2004 267 2081 atque
285 1999 502 2082 apostolicam
518 1999 618 2063 fidem
634 1998 675 2064 de
691 2021 826 2085 corpore
844 2008 879 2065 et
897 2002 1060 2087 sanguine
1085 2002 1221 2064 Domini

165 2101 200 2164 in
217 2103 447 2185 quaestionem
459 2111 649 2188 ponentem,
660 2103 819 2169 haeretici
833 2105 1028 2191 Berengarii
1040 2107 1220 2190 antiquum

165 2203 380 2290 discipulum,
397 2206 643 2271 divinationum
659 2215 695 2272 et
710 2209 916 2272 somniorum
932 2209 1097 2274 cultorem
1118 2211 1222 2274 mani·

165 2309 299 2386 festum,
322 2312 611 2388 nicromanticum,
632 2312 815 2398 phytonico
849 2314 971 2398 spiritu
1002 2313 1221 2389 laborantem,

165 2422 200 2478 et
214 2414 250 2477 id
266 2417 353 2479 circo
369 2437 388 2479 a
405 2437 483 2480 vera
498 2414 563 2480 fide
580 2416 838 2492 exorbitantem,
854 2417 1043 2502 judicamus
1063 2419 1221 2482 canonice

165 2518 410 2603 deponendum,
432 2528 467 2584 et
489 2520 738 2604 expellendum,
763 2528 797 2585 et
820 2522 884 2584 nisi
908 2521 950 2585 ab
971 2523 1044 2605 ipsa
1066 2521 1144 2586 sede
1168 2521 1221 2586 his

164 2622 290 2687 auditis
307 2623 527 2699 descenderit,
543 2625 578 2687 in
595 2633 799 2709 perpetuum
815 2624 1118 2690 condemnandum.

622 2841 759 2869 -οοο-

214 3013 381 3076 cremar
408 3013 475 3074 vu.
504 3013 661 3076 mmsrs
683 3015 827 3077 rosim
855 3015 1041 3078 concino
1065 3015 1167 3077 wrm

558 3127 683 3191 srcrrr
715 3131 830 3209 (rom).

482 3276 571 3337 [sare
588 3278 644 3323 Bis.
656 3278 714 3324 ser.
726 3277 794 3334 Ger,
806 3280 838 3324 11.
849 3277 912 3338 cau]

413 3405 455 3486 a)
478 3402 512 3468 T
509 3402 545 3466 lie
569 3402 654 3466 Octb
669 3404 766 3467 taken
782 3404 822 3489 oy
838 3405 968 3468 Robert.

208 3558 281 3645 Ego
298 3557 519 3642 R(obertus)‚
533 3557 597 3622 Dei
613 3560 722 3644 gratia
738 3567 773 3624 et
787 3561 894 3624 sancti
913 3560 1004 3624 Petri
1020 3559 1167 3644 Apuliae
1184 3568 1219 3626 ct

164 3662 336 3727 Calabriae
361 3671 395 3726 ct
419 3661 551 3726 Siciliae
575 3660 656 3738 dux,
679 3663 721 3727 ab
743 3663 805 3728 hac
828 3663 910 3728 hora
933 3672 968 3729 et
988 3663 1145 3748 deinceps
1161 3686 1218 3729 ero

163 3767 270 3831 fidelis
295 3774 429 3831 sanctae
455 3766 622 3830 Romanae
648 3768 806 3832 ecclesiae
831 3775 865 3832 et
890 3768 1063 3853 apostolici
1088 3767 1159 3832 sedi
1182 3775 1217 3833 et
