2768 4268
305 358 442 405 rnnron
465 357 511 404 or
533 347 607 404 rua
630 356 872 404 ranucorunn
895 355 1099 403 anrnaoas
1185 339 1227 402 69

174 528 238 592 Dei
254 526 429 592 ecclesiam
454 522 520 610 jam
547 546 649 609 super
673 525 735 589 hoc
763 525 993 610 promulgasse
1014 525 1227 601 sententiam,

174 632 316 696 Petrum
341 630 462 694 Leonis
478 650 516 692 ac
533 629 711 712 complices
734 650 812 691 suos
836 628 1008 692 damnasse
1032 635 1226 705 asserentes,

175 735 266 819 quod
292 741 365 798 erat
389 733 618 797 universitatis
645 753 713 795 non
740 731 859 797 debere
886 733 1058 816 privatum
1084 732 1155 796 fieri
1182 753 1229 795 re-

173 838 389 923 sponderunt.

218 942 287 1006 Nos
315 948 428 1006 autem
455 940 602 1026 idipsum
628 962 707 1005 oum
733 942 894 1024 patientia
920 949 1166 1024 supportantes,
1192 948 1228 1004 et

173 1056 303 1132 patrem
330 1054 483 1109 nostrum
510 1067 630 1130 papam
661 1045 897 1108 Innocentium
925 1044 967 1107 ad
996 1044 1120 1108 Urbem
1152 1066 1228 1107 cum

173 1151 279 1236 gloria
304 1150 473 1226 duximus
499 1157 534 1213 et
562 1149 777 1213 Lateranensi
806 1148 983 1212 cathedrae
1008 1149 1227 1225 restituimus,

174 1263 275 1339 atque
295 1256 330 1317 in
347 1263 460 1319 monte
482 1254 656 1318 Aventino
679 1254 905 1317 castrametati
925 1251 1061 1315 fuimus.
1109 1253 1226 1336 Ibique

174 1359 296 1423 Petrus
320 1358 442 1423 Leonis
465 1380 562 1422 aures
588 1364 727 1433 nostras
751 1365 786 1421 et
809 1358 997 1440 principum
1028 1364 1227 1432 nostrorum,

173 1485 233 1547 per
260 1465 396 1527 Petrum
419 1463 499 1525 olim
526 1462 749 1525 Portuensom
772 1462 975 1545 episcopum,
1000 1468 1036 1524 et
1061 1483 1121 1545 per
1144 1462 1227 1524 alios

173 1567 323 1631 fautores
353 1588 431 1630 suos
462 1565 712 1651 praetendendo
743 1565 917 1649 justitiam,
948 1566 1129 1629 sollicitare
1159 1585 1227 1627 non

175 1669 315 1734 destitit.
362 1670 431 1749 Qui
462 1670 572 1744 etiam,
603 1669 810 1733 munitiones
841 1677 876 1733 et
906 1668 1036 1733 obsides
1066 1690 1102 1732 se
1133 1669 1227 1733 nobis

174 1774 311 1839 daturos
333 1773 377 1838 ad
400 1773 635 1838 sufficientiam
658 1794 718 1857 pro
740 1771 906 1838 servando
934 1772 1068 1858 judicio,
1093 1781 1128 1837 et
1149 1774 1227 1837 viva

175 1900 257 1942 voce
280 1886 315 1942 et
337 1879 458 1943 litteris
482 1879 717 1962 promiserunt.
774 1877 897 1942 Pacem
919 1878 1025 1963 igitur
1047 1878 1119 1941 sine
1146 1875 1229 1940 effu·

173 1982 265 2046 sione
296 1983 468 2069 sanguinis
499 1981 679 2047 reformare
709 1982 745 2045 in
777 1981 842 2046 Dei
872 1983 1012 2046 ecclesia
1043 1983 1226 2065 cupientes,

175 2108 260 2170 quae
277 2086 372 2151 nobis
395 2086 447 2149 illi
470 2085 634 2163 dixerant,
651 2086 809 2151 fratribus
825 2087 976 2171 quicum
997 2086 1120 2150 domno
1142 2107 1228 2170 papa

174 2191 373 2255 Innocentio
390 2198 486 2256 erant
501 2213 560 2276 per
575 2213 635 2255 nos
650 2193 739 2276 ipsos
755 2192 1028 2277 significavimus,
1047 2189 1226 2255 Caeterum

175 2296 248 2379 ipsi,
264 2303 384 2379 utpote
407 2297 497 2380 pacis
513 2304 687 2371 amatores,
705 2295 746 2360 de
770 2296 902 2381 justitia
926 2295 1142 2370 confidantes,
1159 2303 1228 2358 tam

174 2421 330 2483 personas
346 2421 434 2475 suas,
452 2421 553 2484 quam
569 2399 701 2475 Leonis,
717 2408 752 2464 et
767 2399 912 2463 filiorum
931 2420 1079 2474 suorum,
1096 2421 1226 2463 necnon

174 2502 298 2580 Centii,
315 2502 409 2568 Petri
433 2503 637 2588 Fraiapanis,
655 2511 690 2569 et
708 2503 802 2568 Petri
826 2504 957 2579 LeoniS,
975 2512 1009 2568 et
1025 2504 1227 2567 munitiones

173 2609 209 2670 in
232 2629 334 2672 manu
357 2615 470 2672 nostra
492 2609 594 2673 libere
618 2608 825 2672 obtulerunt.
872 2609 1027 2673 Adversa
1049 2631 1128 2672 vero
1151 2630 1227 2692 pars

174 2711 245 2776 dies
275 2711 436 2776 redimere
468 2713 615 2797 cupiens
647 2712 710 2776 sub
740 2713 904 2777 velamine
934 2711 1227 2776 fraudulentarum

173 2818 430 2901 promissionum
453 2838 513 2880 nos
537 2817 710 2900 aliquanto
736 2825 885 2901 tempore
911 2838 930 2880 a
955 2825 1068 2881 nostra
1092 2817 1228 2880 intenti-

174 2943 236 2985 one
260 2922 411 2985 retraxit.
458 2920 607 2985 Tandem
633 2922 712 3005 quie
735 2922 798 3006 ipsi
821 2943 918 3006 saepe
942 2923 1144 2995 commoniti,
1171 2921 1228 2983 im-

173 3026 263 3110 plere
281 3026 374 3110 quod
388 3026 609 3109 promiserant
627 3026 821 3102 noluerunt,
838 3034 1008 3111 tamquam
1032 3025 1169 3089 fallaces
1193 3032 1228 3088 et

173 3129 301 3214 perfidi,
319 3138 353 3194 et
370 3137 439 3193 tam
455 3129 587 3194 divinae
608 3152 709 3214 quam
733 3132 843 3215 regiae
867 3131 1050 3215 majestatis
1074 3130 1132 3204 rei,
1149 3151 1227 3192 cum

174 3234 275 3297 Petro
307 3234 427 3298 Leonis
458 3235 597 3318 eiusque
630 3235 846 3319 complicibus
886 3234 1034 3297 damnati
1071 3242 1160 3307 sunt,
1193 3240 1228 3297 et

173 3337 285 3402 hostes
315 3361 334 3402 a
366 3339 568 3423 principibus
599 3349 733 3404 nostrae
761 3341 871 3403 curiae
895 3339 1044 3424 judicati,
1069 3338 1228 3402 videlicet

173 3440 355 3507 Nortberto
377 3443 661 3529 Magdeburgensi
684 3445 882 3507 cancellario
898 3452 1022 3515 nostro,
1039 3451 1073 3506 et
1089 3443 1131 3504 A.
1149 3442 1228 3505 Bre-

174 3547 278 3610 mensi
301 3547 556 3631 archiepiscopis
576 3556 610 3611 et
626 3547 668 3610 D.
687 3545 953 3633 Osernbergensi,
972 3548 1010 3609 B.
1029 3545 1228 3610 Padelbron·

173 3652 278 3725 nensi,
292 3651 360 3713 An.
377 3650 705 3738 Brandenburgensi,
719 3659 753 3715 et
767 3652 805 3713 B.
823 3651 1007 3724 Parmensi,
1021 3651 1060 3714 lt.
1076 3650 1226 3724 Albensi,

175 3751 215 3816 Ο.
248 3755 395 3829 Astensi‚
429 3755 469 3818 Ο.
501 3755 727 3829 Cremonensi,
761 3754 801 3816 G.
835 3755 1020 3838 Yporiensi,
1052 3755 1226 3838 episcopis,
