2768 4268
69 403 72 407 ⁴
182 319 224 384 18
405 334 537 381 sunnor
559 331 765 380 MEDIAEVAL
788 331 1017 379 nocumnurs.

182 511 265 579 tum,
276 503 450 589 Vangium
464 509 498 566 et
511 501 726 587 Moguntiam
743 501 898 565 civitates
914 521 1083 586 pagosque
1100 503 1242 566 sortitus

182 615 251 681 est3
283 605 461 670 Lotharius
485 607 574 670 inter
598 605 755 670 Rhenum
778 612 813 669 et
837 604 990 669 Scaldem
1014 606 1050 667 in
1073 627 1162 670 mare
1186 606 1243 670 de·

182 717 380 786 currentem,
412 717 447 773 et
476 731 589 773 rursus
623 731 683 793 per
717 708 999 784 Cameracensem
1031 708 1242 785 Hainnoum,

182 812 389 889 Lomensem,
423 813 629 890 Castritium,
661 821 696 877 et
728 835 784 877 eos
819 813 997 877 comitatus
1032 814 1090 897 qui
1126 813 1241 878 Mosae

182 919 265 982 citra
286 917 438 1003 contigui
461 916 627 981 habentur
654 938 761 1001 usque
790 916 832 980 ad
856 917 999 980 Ararem
1027 916 1166 980 Rodano
1192 919 1242 980 in-

181 1020 353 1097 fluentem,
374 1029 409 1086 et
431 1044 491 1106 per
513 1019 680 1084 deflexum
705 1020 836 1084 Rodani
859 1021 895 1083 in
918 1041 1018 1096 mare,
1042 1042 1120 1084 cum
1142 1022 1243 1084 comi·

182 1125 308 1190 tatibus
338 1125 493 1189 similiter
523 1125 585 1188 sibi
617 1126 786 1208 utrimque
818 1123 1096 1197 adhaerentibus3
1128 1132 1239 1189 cetera

182 1251 289 1314 usque
320 1228 362 1292 ad
393 1228 590 1312 Hispaniam
622 1227 743 1291 Carolo
775 1235 964 1303 cesserunt3
1004 1227 1104 1292 factis
1135 1249 1243 1292 sacra

182 1333 313 1409 mentis,
338 1331 474 1396 tandem
496 1331 693 1395 altrinsecus
717 1338 769 1394 est
791 1331 985 1396 discessum.

645 1585 781 1612 -000—

222 1792 345 1854 OANON
366 1792 409 1854 OF
434 1792 601 1853 STEPHEN
624 1792 685 1864 IV.‚
710 1791 785 1852 ΒΠΤ
809 1791 909 1854 MORE
939 1791 1135 1853 PROBABLY
1155 1791 1201 1852 ΟΡ

296 1891 390 1953 JOHN
410 1892 472 1964 IX.,
496 1891 542 1952 AS
566 1891 612 1953 TO
635 1891 817 1953 Ennomon
838 1891 882 1952 01?
905 1891 996 1953 POPE
1024 1890 1117 1956 (898).

531 2035 576 2096 [Μ.
589 2037 619 2084 c.
631 2038 673 2092 u,
685 2038 733 2082 m.
746 2039 777 2082 u.
790 2050 813 2089 a,
826 2035 887 2096 rsa]

225 2181 314 2260 Quia
332 2188 448 2244 sancta
474 2183 625 2243 Romana
649 2179 797 2255 ecclesia,
815 2181 869 2243 cui
893 2179 966 2244 Deo
989 2187 1124 2244 auctore
1148 2201 1241 2264 prae-

180 2285 338 2360 sidemus
362 2285 521 2368 plurimas
545 2285 673 2367 patitur
696 2284 874 2347 violentias
901 2284 1057 2368 pontifice
1083 2283 1240 2359 obeunte,

181 2390 260 2472 quia
287 2387 412 2472 absque
439 2388 646 2471 imperatoris
674 2388 795 2451 notitia
822 2395 856 2451 et
883 2409 1020 2451 suorum
1047 2389 1239 2473 legatorum

180 2493 367 2577 praesentia
382 2492 549 2575 pontilicis
565 2491 605 2554 fit
621 2493 838 2567 consecratio,
855 2514 915 2556 nec
935 2493 1095 2556 canonico
1119 2493 1186 2555 ritu
1202 2500 1241 2556 et

181 2595 422 2660 consuetudine
439 2595 481 2659 ab
495 2596 694 2678 imperatore
712 2594 830 2659 directi
846 2596 1015 2659 intersunt
1039 2597 1161 2671 nuntii,
1179 2597 1237 2679 qui

181 2700 376 2764 violentiam
403 2706 438 2763 et
464 2698 620 2762 scandala
647 2699 682 2761 in
710 2700 781 2784 ejus
805 2701 1052 2764 consecratione
1077 2722 1145 2763 non
1168 2723 1240 2784 per·

180 2806 317 2868 mittant
332 2803 412 2879 fieri,
429 2804 585 2866 volumus
608 2802 645 2865 id
668 2810 707 2865 ut
731 2803 886 2887 deinceps
906 2803 1088 2880 abdicetur,
1105 2811 1140 2868 et
1163 2825 1259 2868 con--

180 2907 372 2972 stitucndus
387 2906 538 2992 pontifex
556 2907 833 2971 convenientibus
849 2909 1014 2993 episcopis
1032 2918 1066 2973 et
1081 2910 1240 2972 universo

180 3014 269 3077 clero
292 3013 448 3097 eligatur,
465 3018 644 3095 expetente
663 3020 783 3076 senatu
799 3020 834 3076 et
849 3014 983 3098 populo,
1002 3014 1061 3096 qui
1085 3013 1240 3076 ordinan-

180 3117 242 3181 dus
259 3124 321 3191 est,
337 3118 433 3181 etsie
450 3117 485 3179 in
501 3124 684 3200 conspectu
700 3118 850 3180 omnium
873 3117 1085 3180 celeberrime
1110 3117 1239 3180 electus

180 3221 221 3285 ab
251 3220 413 3296 omnibus,
445 3220 675 3305 praesentibus
706 3221 826 3306 legatis
862 3220 1088 3304 imperialibus
1127 3240 1239 3283 conse·

180 3332 312 3400 cretur3
343 3325 526 3408 nullusque
554 3325 625 3388 sine
653 3325 801 3407 periculo
832 3324 1057 3407 juramentum
1083 3322 1139 3386 vel
1165 3343 1240 3405 pro-

180 3430 352 3493 missiones
369 3429 498 3512 aliquas
515 3449 601 3491 nova
618 3427 856 3491 adinventione
874 3425 968 3490 abeo
985 3425 1107 3489 audeat
1130 3431 1236 3488 extor-

180 3555 292 3618 quere,
309 3533 375 3596 nisi
392 3553 476 3615 quae
501 3532 641 3614 antiqua
664 3531 772 3616 exigit
794 3529 1012 3604 consuetudo,
1029 3551 1071 3592 ne
1096 3529 1239 3593 ecclesia

180 3636 425 3702 scandalizetur
440 3634 495 3700 vel
510 3634 717 3718 imperatoris
734 3633 986 3697 honorificentia
1000 3633 1183 3698 minuatur.
