2768 4268
296 336 432 384 rnarcn
455 337 501 385 or
523 339 598 384 rnn
621 336 866 386 rannoonmn
888 336 1091 385 nurnaons.
1177 319 1217 385 u

209 503 279 568 Nos
302 505 408 591 igitur
426 505 635 590 majestatem
659 506 789 591 imperii
812 507 964 571 nolentes
986 507 1136 570 minuere
1159 505 1218 570 sed

164 630 297 694 augere,
314 610 543 693 imperatoriae
563 609 760 696 dignitati(s
778 609 1047 694 plenitu)dinem
1062 609 1124 674 tibi
1143 631 1219 674 con-

164 711 313 778 cedimus
327 719 362 777 et
377 712 505 778 debitas
522 721 557 777 et
572 715 748 778 canonicas
760 714 1021 779 consuetudines
1033 713 1216 799 praesentis

163 818 280 902 scripti
295 818 418 903 pagina
433 817 676 883 confirmamus.

207 921 446 987 Interdicimus
477 930 599 998 autem,
631 944 672 987 ne
703 924 882 1008 quisquam
913 944 1038 998 eorum,
1066 946 1151 1008 quos
1180 925 1216 986 in

164 1026 393 1111 Teut(onico)
411 1048 515 1112 regno
531 1027 574 1090 ad
593 1028 806 1111 pontificatus
822 1027 980 1092 honorem
997 1029 1050 1092 vel
1067 1027 1216 1093 abbatiae

162 1131 335 1217 regionem
358 1132 490 1195 evocari
513 1132 701 1217 contigerit,
717 1132 843 1217 regalia
866 1153 1027 1215 usurpare
1050 1132 1104 1196 vel
1127 1133 1218 1195 inva

163 1233 241 1299 dere
255 1234 387 1310 audeat,
400 1235 465 1298 nisi
477 1235 594 1299 eadem
609 1236 701 1319 prius
717 1256 736 1298 a
752 1242 811 1298 tuo
825 1237 1031 1320 (potes)tate
1047 1233 1217 1319 deposcat,

163 1338 256 1423 quod
276 1338 414 1426 [atque]
434 1360 475 1403 ex
497 1339 560 1415 his,
577 1360 662 1422 quae
681 1339 754 1423 jure
770 1337 869 1403 debet
888 1338 958 1414 tibi,
975 1347 1053 1403 tuae
1069 1339 1219 1426 magnifi-

163 1444 293 1507 centiae
309 1442 422 1507 iaciat.
468 1442 558 1508 Data
573 1441 730 1507 Laterani
746 1442 777 1505 6.
794 1442 870 1506 idus
886 1442 908 1507 J
912 1444 992 1507 unii.
1219 1454 1221 1457 ’

619 1681 756 1708 —ooo—

176 1866 379 1929 Parauaea
403 1866 582 1929 saturnu
610 1866 759 1928 LOTHAR
787 1866 844 1930 III.
872 1866 923 1927 ΒΥ
946 1865 1133 1928 rariacum
1157 1865 1206 1939 II..

214 1981 257 2041 Ili
279 1981 429 2042 suumn
452 1979 497 2041 TO
520 1980 593 2041 THE
616 1980 776 2041 ESTATES
800 1980 844 2041 OF
868 1980 1040 2041 MATILDA
1058 1981 1166 2060 (1133).

168 2141 299 2202 [Theiner;
316 2143 376 2189 Cod.
389 2144 456 2189 dom.
466 2147 553 2202 temp,
563 2144 582 2189 1.
595 2145 635 2200 12;
653 2157 681 2189 as
691 2144 792 2202 printed
804 2145 837 2201 by
848 2143 964 2197 Doeberl‚
974 2143 1008 2188 M.
1021 2143 1051 2189 G.
1064 2143 1098 2198 S„
1111 2143 1154 2189 IV.
1167 2140 1214 2202 17.]

209 2281 245 2346 Si
267 2285 450 2347 auctoritas
472 2304 566 2347 sacra
589 2283 788 2367 pontificum
811 2290 846 2347 et
867 2291 1015 2368 potestas
1037 2283 1217 2367 imperialis

165 2408 243 2451 vere
265 2387 397 2472 glutino
421 2387 570 2451 caritatis
593 2387 781 2451 adinvicem
798 2388 1056 2470 complerentur,
1074 2388 1220 2470 omnipo·

106 2528 110 2534 ·
164 2492 251 2555 tenti
275 2490 408 2555 debitus
431 2490 616 2554 famulatus
633 2491 736 2555 libere
753 2492 878 2575 poterit
894 2491 1053 2568 exhiberi,
1070 2498 1105 2555 et
1120 2491 1219 2554 chris-

164 2596 277 2658 tianus
305 2595 450 2678 populus
477 2602 572 2680 grata
599 2616 679 2679 pace
707 2602 742 2659 et
768 2595 1015 2678 tranquillitate
1038 2593 1217 2680 gaudebit:

164 2699 269 2762 nichil
286 2700 375 2763 enim
391 2699 426 2761 in
441 2699 590 2783 presenti
605 2699 718 2763 seculo
735 2705 787 2762 est
799 2699 955 2783 pontifice
968 2699 1101 2775 clarius,
1114 2698 1218 2762 nichil

164 2824 243 2889 rege
260 2802 447 2867 sublimius.
487 2802 600 2867 Nichil
617 2811 677 2878 est,
690 2803 783 2887 quod
798 2803 924 2866 lumine
941 2803 1080 2867 clariore
1097 2801 1220 2886 perful-

164 2914 243 2992 geat
265 2928 367 2991 quam
391 2915 483 2971 recta
505 2905 587 2971 fides
610 2907 646 2969 in
670 2908 838 2991 principe:
866 2907 970 2970 nichil
987 2915 1047 2982 est,
1064 2904 1156 2991 quod
1171 2907 1219 2969 ita

165 3019 312 3095 nequeat
334 3012 467 3074 occasui
489 3010 660 3096 subjacere
684 3033 786 3095 quam
803 3032 881 3075 vera
902 3011 1028 3097 religio.
1075 3010 1149 3089 Que
1173 3010 1221 3072 ni·

165 3115 288 3178 mirum
309 3116 421 3178 omnia
444 3122 539 3179 tanto
562 3114 783 3190 manifestius,
800 3115 862 3179 deo
878 3115 1012 3200 gratias,
1029 3115 1065 3176 in
1080 3134 1220 3198 persona

164 3226 225 3283 tua
241 3219 440 3294 clarescunt,
453 3227 580 3303 quanto
593 3219 635 3282 ab
646 3220 787 3283 ineunto
800 3227 889 3283 etate
905 3227 1034 3282 amator
1050 3219 1219 3303 religionis

164 3329 200 3388 et
219 3323 330 3387 cultor
352 3323 486 3408 justicie
503 3324 654 3388 extitisse
671 3325 892 3409 cognosceris
909 3330 944 3387 et
959 3324 1138 3386 novissime
1155 3321 1221 3386 die·

165 3425 227 3491 bus
243 3428 316 3491 istis
335 3449 396 3492 nec
413 3449 551 3512 persone
575 3436 632 3492 tue
657 3449 719 3492 nec
741 3429 872 3512 proprie
895 3427 1062 3513 parcendo
1078 3427 1218 3511 pecunie

165 3552 225 3615 pro
241 3531 331 3595 beati
347 3530 442 3595 Petri
457 3533 594 3595 servitio
610 3533 735 3596 multos
754 3532 882 3596 labores
906 3540 940 3596 et
963 3533 1124 3595 immensa
1139 3531 1221 3614 peri-

165 3635 243 3699 cula
258 3635 439 3719 pertulisti.
486 3635 573 3698 Cum
590 3658 680 3722 ergo,
693 3644 838 3700 testante
855 3657 948 3700 sacro
961 3635 1106 3719 eloquio,
1119 3635 1220 3698 etiam

166 3738 247 3801 mali
262 3745 374 3823 patres
389 3737 476 3802 bona
492 3737 570 3802 data
587 3739 664 3803 filiis
688 3741 758 3803 suis
781 3739 924 3804 debeant
940 3740 1126 3824 impartire:
1152 3737 1222 3823 dig-
