2768 4268
290 335 426 382 PERIOD
449 334 496 380 OF
518 334 592 380 THE
614 333 858 382 FRANGONIAN
881 333 1085 381 EMPERORS.
1173 315 1213 382 37

343 547 554 614 “morasus
577 551 902 613 HILDEBRANDINP'
925 553 1037 617 (1075).

324 698 410 759 [areg.
423 699 488 754 vu,
500 699 561 756 aeg.
573 699 605 744 11.
636 697 717 755 aare
734 699 789 743 nri.
802 698 859 744 aer.
872 699 940 753 oea,
953 699 984 743 11.
997 695 1059 756 nc]

206 825 306 905 Quod
322 825 471 889 Romana
487 823 625 886 ecclesia
640 845 659 886 a
675 823 746 885 solo
763 822 909 886 Domino
926 823 970 886 sit
985 821 1137 886 fundata.

206 929 306 1008 Quod
317 930 407 992 solus
424 928 593 991 Romanus
609 926 762 1010 pontifex
778 927 851 1011 jure
864 926 1214 991 dicaturuniversalis.

206 1033 308 1111 Quod
330 1033 388 1095 ille
412 1033 502 1096 solus
526 1032 630 1116 possit
654 1030 817 1115 deponere
841 1031 1011 1115 episcopos
1027 1032 1082 1096 vel
1104 1053 1216 1096 recon-

161 1139 282 1202 ciliare.

207 1241 308 1320 Quod
329 1241 463 1327 legatus
483 1241 554 1324 ejus
571 1238 724 1303 omnibus
741 1239 903 1323 episcopis
919 1239 1043 1323 praesit
1058 1240 1094 1302 in
1109 1240 1216 1304 conci-

161 1347 217 1421 lia,
234 1347 335 1409 etiam
352 1344 517 1408 inferioris
533 1343 678 1429 gradus3
703 1350 737 1407 et
752 1341 912 1406 adversus
934 1364 990 1406 eos
1012 1344 1215 1407 sententiam

163 1451 380 1535 depositionis
395 1451 501 1533 possit
516 1449 604 1513 dare.

208 1553 308 1633 Quod
324 1553 477 1618 absentes
494 1575 578 1637 papa
595 1554 700 1637 possit
715 1553 889 1636 deponere.

208 1657 309 1736 Quod
324 1679 399 1720 curn
417 1659 714 1721 excommunicatis
731 1657 772 1720 ab
788 1658 848 1720 illo
863 1658 952 1732 inter
968 1666 1077 1723 cetera
1096 1680 1157 1723 neo
1180 1661 1215 1722 in

164 1761 279 1843 eadem
297 1760 395 1824 domo
411 1760 569 1825 debemus
586 1782 730 1825 manere.

209 1866 309 1945 Quod
339 1868 389 1929 illi
419 1869 481 1931 soli
511 1869 593 1933 licet
619 1890 678 1953 pro
706 1870 862 1953 temporis
889 1870 1085 1934 necessitate
1112 1890 1216 1932 novas

164 1973 255 2058 leges
286 1972 438 2048 condere,
466 1971 568 2037 novas
599 1973 712 2057 plebes
743 1994 955 2059 congregare,
987 1973 1027 2038 de
1058 1973 1217 2036 canonica

164 2077 329 2141 abbatiam
353 2077 471 2151 facere,
488 2085 523 2141 et
543 2099 560 2142 e
584 2084 699 2141 contra
722 2077 862 2141 divitem
885 2079 1113 2162 episcopatum
1137 2076 1218 2139 divi-

165 2181 242 2246 dere
259 2189 294 2245 et
306 2183 422 2265 inopes
438 2182 546 2245 unire.

210 2285 310 2364 Quod
327 2286 418 2349 solus
433 2287 540 2370 possit
555 2287 605 2349 uti
622 2285 848 2370 imperialibus
865 2287 1027 2372 insigniis.

210 2390 311 2468 Quod
340 2391 445 2453 solius
476 2411 579 2474 papae
612 2390 712 2474 pedes
744 2412 857 2454 ornnes
889 2391 1054 2475 principes
1085 2389 1219 2455 deoscu-

164 2495 288 2559 lentur.

210 2598 311 2676 Quod
327 2599 418 2662 illius
435 2599 538 2662 solius
555 2620 675 2663 nornen
692 2600 727 2662 in
744 2600 892 2663 ecclesiis
908 2600 1078 2664 recitetur.

211 2701 312 2781 Quod
327 2702 389 2767 hoc
406 2704 544 2766 unicum
561 2711 612 2768 est
627 2725 747 2767 nornen
763 2704 798 2766 in
816 2704 952 2767 mundo.

211 2805 313 2884 Quod
328 2806 377 2868 illi
395 2808 496 2870 liceat
511 2808 726 2891 imperatores
743 2807 920 2891 deponere.
1161 2885 1166 2896 Ι

211 2909 312 2988 Quod
328 2911 379 2972 illi
396 2911 495 2973 liceat
507 2910 548 2974 de
564 2911 642 2975 sede
659 2910 702 2974 ad
718 2911 841 2986 sedem,
855 2912 1054 2976 necessitate
1068 2918 1218 2998 cogente,

167 3015 339 3098 episcopos
352 3022 585 3078 transmutare.

212 3117 313 3196 Quod
330 3117 370 3181 de
387 3119 477 3180 omni
494 3119 642 3193 ecclesia,
657 3140 869 3203 quocumque
887 3120 1043 3194 voluerit,
1061 3120 1220 3183 clericum

168 3222 279 3285 valeat
295 3221 456 3292 ordinare.

212 3325 312 3404 Quod
336 3327 458 3390 abillo
482 3326 655 3390 ordinatus
679 3327 736 3389 alii
759 3327 916 3391 ecclesiae
934 3348 1083 3410 praeesse
1100 3333 1220 3411 potest,

167 3430 309 3494 sednon
326 3431 487 3505 militare3
511 3438 546 3495 et
562 3430 653 3515 quod
669 3431 710 3495 ab
725 3431 839 3515 aliquo
856 3431 1011 3515 episcopo
1033 3452 1101 3493 non
1124 3428 1222 3494 debet

167 3536 372 3619 superiorem
387 3535 529 3621 gradum
546 3537 705 3620 accipere.

213 3639 315 3717 Quod
352 3640 447 3704 nulla
477 3640 624 3726 synodus
655 3640 780 3725 absque
811 3648 988 3724 praecepto
1020 3640 1091 3725 ejus
1122 3638 1223 3703 debet

168 3744 332 3829 generalis
349 3745 470 3808 vocari.
