2768 4268
540 835 842 916 APPENDIX.

624 1041 760 1067 -οοο-

352 1175 425 1236 ΤΗΕ
452 1175 570 1238 PEAOE
598 1175 641 1237 OF
669 1175 881 1237 consulitur
914 1176 1029 1257 (1183).

534 1316 852 1376 mammuM]

199 1443 234 1495 In
254 1441 367 1495 nomine
386 1445 499 1494 sanetae
517 1445 546 1494 et
564 1440 727 1493 individuae
741 1440 900 1494 Trinitatis.
938 1441 1105 1506 Friderieus,
1118 1441 1219 1496 divina

163 1531 276 1584 favente
295 1530 445 1582 clementia
464 1529 656 1582 Romanorum
676 1528 828 1598 imperator
846 1534 874 1581 et
896 1546 1005 1598 semper
1024 1534 1168 1599 augustus,
1188 1536 1217 1584 et

164 1618 314 1671 Heinricus
333 1622 437 1681 sextus
451 1617 526 1669 filius
545 1618 614 1686 ejus,
630 1606 821 1669 Rornanorum
840 1633 890 1668 rex
905 1622 933 1669 et
950 1634 1058 1685 semper
1071 1622 1216 1686 augustus.

107 1696 109 1700 ¹
164 1706 321 1775 imperialis
334 1704 498 1758 clementiae
517 1709 665 1756 mansueta
683 1704 819 1756 serenitas
837 1721 899 1756 eam
918 1721 1027 1773 semper
1045 1705 1075 1756 in
1095 1704 1218 1758 subditis

163 1794 220 1846 suis
234 1792 471 1862 dispensationem
487 1791 592 1844 favoris
611 1796 639 1843 et
658 1791 765 1860 gratiae
784 1790 886 1843 habere
899 1792 1052 1855 cousuevit,
1066 1797 1106 1856 ut,
1120 1809 1217 1861 quam-

163 1882 205 1934 vis
218 1881 347 1934 districta
359 1880 507 1933 severitate
520 1896 665 1931 excessum
681 1879 785 1931 delicta
803 1878 904 1931 debeat
923 1882 951 1931 et
969 1879 1057 1948 possit
1070 1873 1217 1949 omnigene,

163 1969 253 2038 magis
266 1973 361 2020 tamen
375 1968 487 2020 studeat
499 1966 622 2035 propitia
635 1965 841 2034 tranquillitate
854 1966 931 2034 pacis
948 1970 976 2018 et
995 1966 1048 2035 piis
1068 1967 1218 2021 affectibus

163 2056 371 2109 misericordiae
386 2056 543 2108 Romanum
558 2053 705 2122 imperium
720 2070 814 2123 regere
827 2058 855 2106 et
871 2052 1017 2106 rebellium
1037 2054 1217 2109 insolentiam

163 2145 199 2196 ad
213 2144 339 2196 debitam
358 2143 444 2195 fidem
461 2147 489 2195 et
508 2143 619 2195 debitae
639 2142 797 2194 devotionis
816 2141 982 2211 obsequium
1000 2160 1137 2196 revocare.
1175 2143 1220 2197 Ea

163 2236 276 2300 propter
289 2235 438 2299 cognoscat
451 2230 619 2283 universitas
634 2230 760 2283 fidelium
775 2229 886 2298 imperii
898 2234 958 2282 tam
970 2231 1126 2300 praesentis
1145 2235 1219 2284 aeta

163 2319 200 2371 tis
225 2336 310 2387 quam
334 2336 509 2370 successurae
536 2318 717 2387 posteritatis,
744 2319 819 2387 quod
844 2337 895 2372 nos
920 2318 1004 2371 solita
1031 2319 1217 2389 benignitatis

163 2411 275 2460 nostrae
288 2405 379 2475 gratia
389 2407 424 2458 ad
438 2406 521 2457 fidem
533 2410 561 2458 et
571 2406 748 2460 devotionem
760 2406 991 2470 lombardorum,
1003 2407 1051 2475 qui
1065 2407 1219 2476 aliquando

163 2512 214 2547 nos
226 2498 255 2547 et
268 2493 417 2562 imperium
427 2498 555 2545 nostrum
566 2494 750 2557 offenderant,
761 2494 868 2546 viscera
881 2494 994 2547 innatae
1008 2493 1090 2547 nobis
1103 2494 1219 2563 pietatis

163 2582 327 2651 aperientes,
348 2598 394 2633 eos
414 2586 442 2633 et
463 2581 624 2634 societatem
645 2599 742 2634 eorum
764 2599 796 2635 ac
817 2583 941 2635 lautores
962 2583 991 2634 in
1011 2582 1218 2651 plenitudinem

163 2670 270 2737 gratiae
291 2679 402 2722 nostrae
424 2669 585 2738 recepimus,
607 2670 728 2723 offensas
750 2688 846 2724 omnes
868 2675 897 2723 et
917 2671 1021 2739 culpae,
1042 2670 1144 2739 quibus
1166 2687 1219 2723 nos

164 2757 200 2809 ad
219 2757 443 2825 indignationem
463 2763 691 2825 provocaverant,
707 2759 858 2811 clementer
871 2757 911 2810 eis
928 2757 1103 2811 remittentes
1116 2774 1219 2826 eosque

163 2850 277 2913 propter
292 2844 387 2897 fidelia
406 2844 563 2897 devotionis
582 2863 648 2898 suae
667 2846 790 2909 servitia,
804 2863 875 2914 qnae
895 2863 945 2898 nos
965 2843 1059 2898 abeis
1078 2846 1220 2898 credimus

163 2932 316 2985 certissime
336 2936 502 3000 recepturos,
522 2933 552 2984 iu
572 2951 689 2987 numero
714 2934 881 2986 dilectorum
905 2932 1032 2985 fidelium
1058 2936 1219 2986 nostrorum

163 3019 366 3088 computandos
392 3037 543 3072 censemus.
590 3021 689 3073 Pacem
715 3021 810 3088 itaque
834 3024 970 3080 nostram,
994 3036 1079 3088 quam
1100 3019 1141 3072 eis
1166 3020 1221 3072 cle-

164 3112 271 3159 menter
290 3107 432 3159 indultam
452 3108 644 3171 concessimus,
665 3107 808 3176 praecenti
832 3108 936 3176 pagina
960 3107 1094 3177 jussimus
1114 3105 1221 3160 subter-

163 3194 248 3247 scribi
273 3199 301 3246 et
324 3195 500 3248 auctoritatis
523 3201 635 3248 nostrae
657 3196 750 3265 sigillo
773 3194 952 3249 communiri.
1000 3195 1089 3264 Cujus
1111 3193 1157 3247 hic
1176 3197 1222 3247 est

164 3287 244 3335 tenor
257 3287 285 3334 et
299 3282 393 3335 series.

200 3372 223 3421 1.
249 3370 308 3422 Nos
322 3370 515 3424 Romanorum
528 3370 680 3439 imperator
699 3370 858 3423 Fridericus
877 3374 905 3422 et
923 3369 999 3423 filius
1018 3375 1113 3423 noster
1132 3368 1222 3421 Hein-

163 3458 237 3510 ricus
252 3457 445 3510 Romanorum
457 3475 507 3510 rex
521 3458 699 3510 concedimus
712 3457 802 3519 vobis,
817 3457 988 3521 civitatibus
1002 3457 1071 3510 locis
1086 3461 1115 3509 et
1131 3473 1222 3526 perso·

163 3546 207 3598 nis
221 3544 372 3607 societatis,
384 3545 490 3614 regalia
503 3550 530 3597 et
543 3545 760 3598 consuetudines
770 3549 876 3597 vestras
890 3550 947 3598 tam
963 3544 991 3596 in
1008 3544 1122 3597 civitate
1135 3560 1220 3612 quam

163 3638 245 3686 extra
258 3632 410 3695 civitatem,
420 3632 552 3685 videlicet
562 3633 692 3686 Veronae
702 3635 730 3685 et
740 3636 831 3686 castro
844 3633 905 3702 ejus
918 3636 947 3684 et
960 3630 1104 3684 suburbiis
1116 3634 1145 3683 et
1157 3629 1223 3683 aliis

333 3737 380 3786 156
