2768 4268
361 341 498 389 rumen
520 341 566 389 or
589 342 663 387 run
686 341 809 388 suxorv
831 340 1034 389 nurnaoas.
1181 324 1222 387 23

163 511 324 586 rest'tuit,
338 530 455 575 verum
468 511 569 575 etiam
581 509 776 596 ingentibus
790 530 1008 596 gemmarum,
1021 510 1094 572 auri
1106 529 1223 596 argen-

165 617 260 700 tique
271 615 464 680 muneribus
477 614 664 679 honoravit.
703 614 725 676 J
727 612 948 697 usjurandum
958 634 1036 677 vero
1049 611 1090 677 ab
1105 613 1222 678 eodem

164 741 250 805 papa
273 719 427 784 Johanne
450 740 552 803 supra
575 719 962 804 preciossimumcorpus
985 718 1093 781 sancti
1118 717 1220 791 Petri,

163 831 267 907 atque
284 823 437 887 omnibus
454 823 601 887 civitatis
624 821 824 907 proceribus,
841 841 876 884 se
894 841 1078 904 numquam
1101 820 1222 885 Beren-

162 929 257 1013 gario
273 935 374 1012 atque
394 926 580 991 Adelberto
599 926 850 1000 auxiliaturum,
866 925 1005 1009 accepit.
1054 923 1138 989 Post
1159 925 1220 990 hec

167 1031 306 1115 Papiam
323 1032 520 1116 quantotius
536 1029 717 1115 repedavit.

211 1137 240 1198 8.
264 1135 358 1199 Haec
372 1134 453 1199 dum
465 1141 623 1221 aguntur,
638 1133 764 1198 Phoebi
776 1132 878 1198 radiis
893 1154 995 1219 grave
1007 1134 1117 1198 canori
1129 1132 1221 1198 sidus

165 1240 339 1304 inestuans
374 1241 608 1324 imperatorem
646 1239 803 1302 Romanis
834 1237 966 1302 arcibus
1004 1237 1220 1322 propellebat.

164 1343 234 1408 Sed
263 1365 341 1408 cum
372 1344 537 1430 virginale
568 1342 662 1407 sidus
696 1350 826 1429 gratam
857 1341 987 1406 rediens
1025 1342 1222 1426 temperiem

165 1448 279 1524 ferret,
296 1448 445 1513 collectis
469 1448 583 1531 copiis,
607 1447 692 1511 clam
720 1447 879 1510 Romanis
904 1446 1136 1522 invitantibus,
1160 1446 1223 1509 Ro·

165 1573 253 1615 mam
285 1551 433 1616 advenit.
479 1550 571 1629 Quid
598 1551 686 1614 enim
716 1550 802 1614 clam
832 1549 987 1625 dixerim,
1015 1571 1092 1613 oum
1118 1551 1222 1635 major

167 1656 394 1718 Romanorum
424 1676 500 1739 pars
532 1653 746 1737 optimatium
776 1654 885 1717 sancti
917 1653 1016 1716 Pauli
1046 1654 1221 1718 castellum

165 1759 336 1834 invaserit,
349 1765 570 1842 sanctumque
588 1759 821 1842 imperatorem
835 1757 1005 1821 obsidibus
1018 1757 1118 1822 etiam
1135 1757 1221 1822 datis

166 1861 348 1925 invitavit?
393 1860 486 1940 Quid
509 1861 624 1925 multis
648 1860 777 1925 morer?
798 1861 896 1945 juxta
916 1860 1031 1926 urbem
1048 1868 1222 1926 castrame-

165 1973 258 2030 tatus
289 1966 477 2050 imperator,
505 1966 612 2029 Roma
642 1987 728 2049 papa
754 1965 855 2029 simul
885 1972 987 2049 atque
1015 1964 1221 2050 Adalpertus

163 2070 359 2156 aufugiunt.
408 2069 509 2134 Cives
525 2091 605 2134 vero
629 2072 863 2153 imperatorem
885 2076 1040 2133 sanctum
1059 2090 1136 2133 cum
1151 2071 1221 2134 suis

165 2174 320 2238 omnibus
339 2175 375 2238 in
391 2174 506 2239 urbem
524 2175 723 2258 suscipiunt,
740 2173 939 2238 fidelitatem
962 2175 1220 2258 repromittunt3

163 2278 228 2344 hoc
252 2278 414 2343 addentes
438 2285 473 2343 et
494 2278 633 2342 firmiter
655 2279 814 2363 jurantes,
835 2298 1020 2361 numquam
1043 2299 1077 2342 se
1101 2299 1221 2363 papam

163 2384 330 2448 electuros
343 2390 403 2446 aut
414 2381 626 2446 ordinaturos
639 2389 750 2466 preter
762 2402 962 2446 consensum
974 2389 1009 2446 et
1024 2382 1221 2446 electionem

163 2486 280 2551 domni
295 2487 505 2572 imperatoris
522 2484 659 2551 Ottonis
676 2486 795 2550 cesaris
811 2485 958 2572 augusti,
971 2484 1100 2570 filiique
1116 2487 1220 2571 ipsius

164 2592 253 2675 regis
271 2589 418 2656 Ottonis.

627 2784 764 2811 -οοο-

425 3030 615 3093 contuor
637 3030 681 3092 OF
705 3030 800 3092 OTHO
823 3030 848 3092 ΙΙ
871 3031 963 3096 (962).

510 3192 555 3252 [M.
568 3194 597 3240 G.
610 3194 652 3249 Η.,
664 3194 721 3252 Dip.
734 3193 803 3249 Otto,
815 3193 877 3252 235]

258 3270 311 3328 (Os.
327 3269 420 3325 Sickel,
432 3269 484 3315 Das
495 3269 660 3327 Privilegium
672 3269 733 3315 Otto
744 3269 763 3313 Ι.
775 3269 819 3314 fiir
828 3269 870 3314 die
882 3267 1005 3315 romische
1015 3268 1131 3326 Kirche.)

211 3427 253 3490 In
276 3427 409 3492 nomine
432 3427 559 3491 domini
584 3425 638 3490 dei
663 3426 901 3511 omnipotentis
925 3429 1030 3511 patris
1046 3434 1081 3493 et
1104 3429 1163 3492 filii
1186 3438 1221 3494 et

163 3535 304 3619 spiritus
317 3533 434 3597 sancti.
482 3531 555 3616 Ego
570 3529 653 3596 Otto
669 3530 722 3595 dei
739 3531 846 3616 gratia
862 3531 1041 3615 imperator
1056 3542 1220 3619 augustus

167 3659 327 3702 unacum
350 3636 477 3701 Ottone
501 3636 645 3721 glorioso
669 3657 746 3721 rege
771 3635 838 3697 filio
862 3642 976 3698 nostro
1000 3635 1114 3701 divina
1136 3636 1222 3700 ordi-

167 3751 268 3806 nante
280 3739 493 3826 providentia
506 3737 709 3824 spondemus
722 3746 825 3823 atque
842 3739 1068 3823 promittimus
1084 3763 1143 3825 per
1158 3741 1221 3807 hoc
