2768 4268
202 779 249 843 II.
295 777 471 844 PERIOD
504 778 565 845 OF
596 777 693 843 THE
725 777 887 845 SAXON
918 778 1181 846 EMPERORS.

623 958 759 984 —000—

251 1093 326 1155 rm}
349 1091 530 1156 Eteonon
553 1092 597 1156 OF
616 1093 746 1155 HENRY
768 1093 842 1156 THE
862 1093 1013 1157 fontes
1038 1095 1131 1162 (919).

321 1238 482 1300 [wiomadi
492 1241 587 1286 aerum
597 1239 734 1287 cesarum
744 1239 927 1288 saxonicarum
937 1241 1001 1298 na,
1013 1239 1070 1301 in]

209 1383 282 1446 Rex
310 1389 423 1447 autem
449 1381 620 1466 profectus
648 1382 684 1444 in
712 1381 911 1458 Boioariam‚
939 1381 1114 1448 dimicavit
1141 1405 1218 1448 cum

166 1485 323 1561 Amulio,
346 1493 381 1550 et
403 1485 459 1561 ibi,
484 1492 523 1548 ut
546 1484 684 1569 quidam
706 1484 856 1562 tradunt,
881 1486 1089 1563 vulneratus,
1112 1509 1219 1552 rever·

165 1590 250 1653 titur
275 1591 311 1652 in
341 1590 484 1674 patriam
514 1610 618 1652 suam.
665 1589 818 1673 Cumque
848 1611 883 1654 se
914 1589 1029 1654 morbo
1059 1592 1219 1657 sensisset

165 1693 313 1756 laborare
330 1694 454 1776 pariter
476 1714 554 1756 cum
577 1691 764 1757 defectione
787 1694 912 1777 primae
935 1693 1101 1770 fortunae,
1118 1703 1219 1759 vocat

165 1796 312 1872 fratrem,
336 1797 395 1880 qui
419 1817 496 1860 eum
519 1795 678 1861 visitandi
701 1798 809 1882 gratia
832 1796 957 1874 aderat,
978 1819 1147 1882 quemque
1170 1800 1219 1863 ita

164 1901 365 1984 alloquitur:
400 1899 578 1976 “Sentio’'
602 1901 724 1985 inquit,
751 1900 883 1965 “frater
905 1901 1021 1966 diutus
1044 1924 1095 1967 me
1118 1903 1217 1967 istam

164 2005 270 2069 vitam
293 2013 407 2070 tenere
431 2025 500 2069 non
522 2026 629 2090 posse,
653 2004 736 2081 Deo,
760 2006 819 2089 qui
842 2005 1013 2071 ordinavit
1038 2007 1096 2083 ita,
1118 2008 1219 2093 impe·

164 2119 269 2188 rante,
293 2113 456 2198 gravique
480 2111 595 2176 morbo
619 2109 655 2174 id
676 2120 831 2197 cogente.
878 2111 1092 2197 Quapropter
1114 2115 1218 2178 consi-

163 2216 369 2281 derationem
393 2217 444 2280 tui
461 2215 591 2292 habeto,
608 2224 643 2281 et
665 2215 757 2300 quod
779 2215 822 2279 ad
844 2224 878 2281 te
901 2217 1044 2282 maxime
1072 2219 1217 2303 respicit.

164 2321 370 2387 Francorum
382 2330 455 2386 toto
467 2343 572 2408 regno
585 2322 761 2398 consulito,
774 2323 839 2387 mei
855 2321 897 2385 ad
912 2321 1091 2400 tendenda
1104 2323 1217 2387 fratris

163 2426 224 2502 tui,
249 2427 397 2491 consilio.
444 2425 531 2491 Sunt
553 2426 658 2502 nobis
683 2427 796 2503 frater,
813 2427 927 2511 copiae
951 2429 1119 2492 exercitus
1143 2449 1218 2491 oon-

163 2530 327 2617 gregandi
344 2539 445 2616 atque
461 2530 616 2608 ducendi,
632 2539 713 2596 sunt
728 2529 827 2595 urbes
843 2538 878 2595 et
893 2552 984 2595 arma
1002 2553 1079 2595 cum
1101 2531 1218 2618 regali-

163 2636 224 2700 bus
236 2638 389 2724 insigniis
405 2646 440 2703 et
455 2660 553 2703 omne
570 2637 662 2722 quod
678 2637 778 2702 decus
794 2638 924 2724 regium
940 2637 1092 2722 deposcit
1106 2644 1218 2722 preter

163 2740 334 2804 fortunam
360 2750 462 2826 atque
489 2764 606 2806 mores.
661 2741 822 2818 Fortuna,
845 2741 960 2818 frater,
983 2763 1061 2806 cum
1083 2741 1216 2807 nobilis-

164 2847 255 2911 simis
278 2846 425 2911 moribus
450 2846 609 2911 Heinrico
633 2847 864 2923 cedit,re1·nm
888 2849 1099 2933 publicarum
1121 2859 1216 2918 secus

165 2948 312 3014 Saxones
324 2972 455 3015 summa
467 2958 527 3015 est.
566 2950 715 3036 Sumptis
727 2953 832 3039 igitur
846 2952 898 3017 his
914 2953 1077 3038 insigniis,
1090 2954 1216 3029 lancea,

163 3074 266 3128 sacra,
283 3055 420 3119 armillis
443 3056 553 3119 aureis
577 3077 656 3120 cum
678 3056 853 3121 clammide
878 3063 913 3121 ct
927 3064 1080 3122 veterum
1102 3056 1216 3142 gladio

163 3180 279 3244 regum
307 3181 345 3223 ac
373 3157 570 3233 diademate,
593 3160 641 3223 ito
668 3159 709 3223 ad
738 3159 947 3234 Heinrioum,
970 3159 1075 3225 facito
1101 3183 1217 3246 pacem

163 3283 240 3327 oum
256 3284 305 3338 eo,
321 3270 362 3327 ut
376 3284 454 3328 eum
469 3261 678 3327 foederatum
694 3265 800 3348 possis
815 3263 934 3329 habere
954 3264 990 3327 in
1005 3272 1216 3349 perpetuum.

164 3365 257 3445 Quid
282 3368 371 3432 enim
398 3389 532 3433 necesse
559 3375 620 3444 est,
647 3376 687 3432 ut
713 3367 812 3432 cadat
837 3368 981 3453 populus
1012 3367 1216 3433 Francorum

162 3479 274 3535 tecum
290 3492 400 3536 coram
417 3471 480 3536 eo?
525 3472 600 3557 Ipse
615 3473 704 3537 enim
719 3494 796 3537 vere
812 3494 871 3537 rex
895 3473 959 3538 erit
981 3479 1015 3538 et
1037 3473 1217 3558 imperator

163 3576 346 3640 multorum
367 3575 600 3661 populorum.”
647 3575 710 3641 His
733 3575 833 3641 dictis
856 3574 962 3641 frater
982 3577 1159 3642 lacrimans
1180 3599 1216 3642 sc

163 3680 351 3744 consentire
364 3680 545 3765 respondit.
584 3680 668 3745 Post
679 3679 761 3745 haec
774 3687 888 3744 autem
903 3702 962 3745 rex
977 3682 1048 3766 ipsc
1064 3682 1216 3758 moritur,
1337 3693 1340 3699 ·

1017 3801 1060 3858 l‘l
