2768 4268
428 312 502 357 run
525 310 781 358 canotasenus
805 308 949 356 esaion.
1177 290 1219 355 15

162 479 226 562 ipsi
241 480 366 562 justam
382 478 560 542 observent
576 476 830 553 oboedientiam,
847 497 907 540 seu
924 475 1066 540 ducibus
1083 496 1121 540 ao
1137 475 1221 560 judi-

162 582 254 647 cibus
270 584 350 659 suis,
367 583 409 645 ad
432 583 595 667 justitiam
610 581 814 646 faciendam.
860 580 902 643 In
917 580 979 643 hoo
999 580 1147 664 capitulo
1163 580 1222 645 fiat

163 695 456 750 commemoratum
472 686 513 750 de
529 685 640 750 viduis
664 693 699 750 et
722 685 846 749 orfanis
871 683 1048 759 Theodori,
1066 683 1220 749 Floronis

162 798 197 855 et
212 789 329 876 Sergii.

207 895 236 956 2.
262 894 311 958 Ut
323 893 595 978 depraedationes
609 915 694 978 quae
708 893 870 957 haetenus
887 892 959 956 fieri
974 891 1136 968 solebant,
1149 914 1221 977 pro-

163 998 313 1062 hibemus
325 1020 367 1062 ne
381 998 473 1074 fiant,
484 1019 593 1082 neque
604 999 740 1061 vivente
752 996 909 1081 pontifice
923 1017 1032 1080 neque
1047 995 1217 1060 defuneto.

163 1101 198 1166 Si
215 1103 290 1186 quis
306 1123 384 1166 vero
401 1102 542 1166 ulterius
558 1102 620 1165 hoo
637 1101 764 1177 feeerit,
780 1102 865 1165 sciat
880 1122 915 1164 se
932 1100 1034 1185 legali
1052 1100 1221 1164 sententia

162 1228 232 1270 esse
249 1205 549 1271 condemnandum.
597 1205 692 1284 Quae
709 1212 823 1269 autem
839 1212 926 1269 retro
942 1212 1034 1268 actae
1050 1211 1140 1280 sunt,
1153 1205 1221 1288 pla-

163 1318 217 1374 eet
239 1310 344 1385 nobis,
367 1319 407 1375 ut
429 1332 488 1395 per
513 1309 765 1394 dispositionem
789 1316 938 1372 nostram
962 1308 1045 1370 fiant
1066 1308 1221 1394 legaliter

163 1414 369 1479 emendatae.

208 1519 237 1581 3.
263 1518 431 1583 Volumus
444 1526 484 1582 ut
496 1519 532 1581 in
544 1519 706 1582 eleotione
720 1517 887 1602 pontificis
900 1517 1017 1580 nullus
1030 1523 1221 1601 praesumat

164 1624 287 1700 venire,
314 1644 423 1707 neque
448 1622 532 1685 liber
557 1643 666 1705 neque
692 1643 819 1697 servus,
838 1622 897 1704 qui
922 1619 1061 1704 aliquod
1085 1620 1221 1705 impedi-

165 1734 316 1789 mentum
341 1725 452 1801 faoiat,
477 1725 543 1788 illis
568 1725 777 1788 solummodo
805 1724 972 1800 Romania,
993 1724 1114 1807 quibus
1137 1726 1221 1788 anti-

165 1831 281 1912 quitus
297 1829 365 1892 luit
381 1828 548 1892 oonsuedo
571 1850 727 1897 concessa
750 1851 809 1912 per
831 1829 1106 1892 constitutionem
1129 1849 1221 1892 sano·

165 1940 276 1996 torum
292 1940 426 2017 patrum
442 1932 589 2018 eligendi
605 1933 806 2017 pontificem.
853 1932 954 2011 Quod
969 1933 997 1996 si
1014 1933 1089 2016 quis
1106 1940 1221 1996 eontra

164 2038 250 2101 hano
266 2037 449 2121 jussionem
464 2045 613 2100 nostram
629 2036 738 2101 faeere
761 2037 1030 2122 praesumpserit,
1047 2037 1135 2100 exilo
1159 2045 1222 2100 tra·

164 2141 273 2205 datur.

208 2247 238 2308 4.
263 2246 431 2310 Volumus
454 2253 494 2309 ut
521 2247 613 2311 missi
638 2247 889 2310 constituantur
915 2245 955 2310 de
987 2252 1080 2330 parte
1107 2245 1220 2309 domni

165 2351 338 2434 apostolici
369 2358 404 2414 et
442 2359 566 2424 nostra,
598 2353 657 2435 qui
695 2352 869 2414 annuatim
899 2350 993 2414 nobis
1028 2351 1220 2414 renuntiare

164 2456 308 2530 valeant,
322 2456 467 2538 qualiter
478 2455 605 2540 singuli
619 2454 721 2519 duoes
732 2462 766 2518 et
777 2454 906 2539 judiees
919 2455 1083 2538 justitiam
1095 2455 1219 2538 populo

164 2558 307 2632 iaceant,
325 2567 359 2622 et
383 2558 550 2642 quomodo
568 2566 716 2622 nostram
739 2559 1014 2623 constitutionem
1034 2558 1219 2622 observent.

165 2661 233 2740 Qui
251 2663 351 2736 missi,
369 2662 588 2737 decernimus,
606 2671 644 2726 ut
665 2664 809 2747 primum
826 2671 965 2727 eunetos
983 2663 1143 2726 clamores
1161 2663 1219 2746 qui

164 2786 223 2847 per
246 2766 495 2849 neglegentiam
519 2765 643 2829 dueum
667 2775 726 2830 aut
752 2766 903 2851 judicum
926 2767 1053 2831 fuerint
1080 2767 1219 2843 inventi,

165 2868 208 2931 ad
231 2869 385 2931 notitiam
409 2869 521 2931 donmi
545 2871 718 2953 apostolici
743 2870 907 2945 deferant,
923 2879 959 2934 et
982 2873 1051 2955 ipse
1076 2892 1181 2932 unum
1201 2892 1218 2934 6

165 2970 294 3034 duobus
322 2973 437 3057 eligat,
460 2980 500 3035 ut
526 2982 586 3037 aut
612 2976 727 3037 statim
752 2997 811 3059 per
835 2974 970 3038 eosdem
995 2976 1110 3037 missos
1137 2974 1221 3038 fiant

166 3076 254 3158 ipsae
280 3076 494 3138 necessitates
521 3077 726 3151 emendatae,
747 3086 806 3141 aut
830 3079 857 3140 si
883 3100 959 3152 non,
984 3101 1043 3162 per
1069 3086 1221 3141 nostrum

165 3179 302 3241 missum
327 3178 385 3241 fiat
408 3179 502 3243 nobis
519 3187 646 3253 notum,
664 3190 703 3245 ut
725 3203 784 3265 per
803 3190 933 3245 nostros
957 3183 1073 3245 missos
1091 3180 1220 3244 anobis

165 3282 308 3346 directos
325 3284 447 3346 iterum
464 3284 694 3348 emendentur.
1045 3280 1048 3284 ⁵

209 3385 239 3449 5.
265 3387 433 3451 Volumus
453 3395 492 3451 ut
513 3398 655 3452 cunctus
679 3390 824 3473 populus
848 3390 1018 3453 Romanus
1042 3391 1222 3474 interroge-

165 3500 230 3564 tur,
248 3512 315 3575 qua
330 3492 404 3575 lege
422 3493 497 3556 vult
513 3493 637 3566 vivere,
655 3502 694 3557 ut
715 3494 776 3558 tali
797 3516 913 3577 quase
930 3493 1071 3578 professi
1094 3493 1221 3557 fuerint

166 3596 279 3658 vivere
308 3595 406 3671 velle,
434 3597 561 3660 vivant.
608 3597 747 3681 illisque
779 3597 1009 3672 denuntietur,
1037 3596 1127 3681 quod
1157 3596 1220 3660 hoe

166 3700 398 3783 unusquisque
409 3701 503 3771 sciat,
514 3708 582 3763 tam
596 3700 696 3766 duces
707 3723 808 3786 quam
819 3709 853 3764 et
864 3700 991 3786 judiees
1002 3702 1057 3765 vel
1070 3701 1221 3785 reliquus
