2768 4268
426 348 500 394 rim
523 345 641 393 rusca
665 345 710 392 or
734 344 956 392 oonsranon.
1157 329 1219 394 161

163 522 239 584 suut,
251 517 439 570 restituantur
451 515 512 568 sine
524 511 665 566 fructibus
678 516 707 565 et
720 513 833 574 damno,
847 511 904 564 nisi
922 511 953 564 in
971 528 1056 564 causa
1071 512 1221 583 principali

163 623 213 658 seu
225 604 406 674 proprietatis
418 604 480 672 jure
492 601 581 670 possit
593 617 623 652 se
635 599 710 652 tueri
725 616 876 668 possessor,
887 598 971 652 salvis
985 598 1145 668 privoribus
1159 618 1221 655 con·

163 691 350 756 cessionibus,
370 694 398 742 et
417 705 513 742 omnes
532 687 655 741 offensae
673 687 714 739 eis
732 686 922 739 remittantur.
960 686 1068 739 Eodem
1087 690 1149 758 jure
1168 706 1221 742 ser-

163 779 256 832 vando
269 779 299 831 in
312 778 366 840 his,
378 777 428 846 qui
440 780 507 829 sunt
517 792 552 828 ex
564 779 644 844 parte
654 778 758 839 nostra,
768 774 843 826 circa
854 773 1073 839 restitutionem,
1088 776 1142 828 nisi
1156 778 1221 830 civi·

163 877 207 920 tas
219 870 350 919 teneatur
361 867 530 934 juramento,
544 868 646 916 utnon
659 862 790 916 restituat
801 880 807 927 3
827 879 882 931 quo
895 879 961 915 casu
982 862 1133 916 arbitrium
1151 864 1219 918 boni

162 942 217 1006 riri
230 953 360 1007 volumus
373 969 424 1021 pro
437 951 615 1004 restitutione
628 951 782 1004 succedere.

199 1041 241 1092 36.
267 1039 305 1093 Et
329 1039 353 1092 si
377 1056 434 1108 qua
457 1039 647 1092 controversia
671 1039 705 1092 de
730 1038 815 1091 feudo
841 1042 903 1092 orta
921 1037 1008 1091 fuerit
1028 1039 1103 1092 inter
1122 1057 1172 1092 nos
1191 1045 1219 1093 et

163 1128 260 1191 alium,
274 1127 323 1196 qui
336 1127 373 1180 sit
385 1127 421 1180 de
433 1127 574 1192 societate,
588 1144 637 1196 per
652 1144 733 1196 pares
746 1126 822 1179 illius
835 1126 959 1179 civitatis
972 1127 1016 1178 vel
1034 1126 1218 1196 episcopatus,

163 1215 194 1267 in
216 1233 271 1283 quo
293 1215 433 1268 discordia
454 1215 556 1284 agitur,
575 1215 729 1267 secundum
748 1213 981 1267 consuetudinem
1001 1213 1077 1266 illius
1096 1213 1219 1267 civitatis

163 1302 192 1355 in
213 1303 311 1355 eodem
323 1303 487 1371 episcopatu
499 1301 675 1366 terminetur,
688 1301 744 1354 nisi
762 1318 814 1354 nos
832 1300 862 1353 in
881 1300 1053 1353 Lombardia
1066 1301 1217 1366 fuerimus3

163 1394 232 1443 tunc
250 1390 326 1442 enim
342 1390 371 1441 in
388 1389 534 1442 audientia
546 1394 652 1451 nostra,
667 1389 691 1440 si
704 1388 786 1442 nobis
798 1388 943 1456 placuerit,
957 1405 1041 1441 causa
1055 1387 1217 1457 agitabitur.

200 1478 241 1531 37.
268 1477 340 1528 item
366 1476 524 1528 volentibus
549 1475 644 1528 venire
668 1480 767 1528 contra
790 1480 880 1544 pacta,
902 1493 957 1529 non
983 1492 1032 1544 per
1054 1475 1218 1529 violentiam

162 1563 240 1617 facto
259 1567 287 1615 et
305 1564 465 1632 juramento
484 1562 604 1626 firmata,
618 1561 693 1614 inter
704 1561 847 1614 civitatem
866 1565 894 1614 et
912 1561 1054 1615 civitatem
1076 1563 1218 1616 societatis

163 1651 216 1704 vel*
226 1649 372 1702 civitatem
389 1652 417 1701 et
436 1647 505 1700 alias
524 1665 656 1716 personas
675 1647 824 1712 societatis,
838 1664 888 1701 nos
907 1648 1082 1702 audientiam
1102 1649 1219 1720 denega·

163 1737 267 1791 bimus.

200 1823 241 1874 38.
267 1821 339 1874 Item
359 1838 409 1874 nos
427 1819 603 1873 restituimus
622 1823 740 1872 stratam
760 1820 971 1873 Veronensibus
995 1824 1024 1873 et
1048 1820 1218 1874 nominatim

163 1909 315 1978 recipimus
340 1908 486 1961 Ezelinum
511 1907 541 1959 in
566 1907 773 1976 plenitudinem
797 1908 906 1977 gratiae
927 1912 1039 1962 nostrae
1058 1913 1086 1961 et
1105 1926 1218 1962 ornnem

164 1997 300 2051 offensam
315 1996 341 2048 ei
353 1995 532 2048 remittimus

201 2084 283 2136 Hanc
297 2083 384 2153 igitur
397 2100 494 2152 pacem
507 2083 660 2135 secundum
673 2081 795 2136 formam
813 2082 1014 2152 praescriptam
1032 2088 1061 2137 et
1080 2084 1153 2137 sicut
1171 2101 1219 2154 per

165 2171 333 2224 mediatores
357 2170 442 2239 pacis,
464 2169 596 2223 videlicet
620 2169 806 2223 Willielmum
832 2171 980 2223 Astensem
1005 2171 1165 2240 episcopum
1191 2176 1220 2224 et

166 2257 332 2310 Heinricum
358 2257 549 2312 marchionem
575 2257 744 2311 Saonensem
768 2262 797 2310 et
820 2263 928 2326 patrem
953 2258 1159 2312 Theodericum
1185 2259 1219 2312 de

167 2345 243 2398 Silva
264 2345 419 2398 Benedicta
437 2349 465 2399 et
488 2346 645 2399 Bodulfum
662 2345 848 2398 camerarium
867 2351 1001 2409 nostrum,
1022 2364 1160 2399 unacum
1179 2346 1219 2399 eis

165 2431 314 2486 bonafide
333 2432 533 2498 intelleximus,
547 2438 575 2486 et
592 2433 745 2485 secundum
764 2437 898 2498 tenorem,
912 2451 967 2502 quo
986 2434 1104 2486 eandem
1123 2451 1218 2502 pacem

165 2523 195 2573 et
207 2519 385 2572 concordiam
398 2519 526 2572 intimari
538 2524 567 2572 et
579 2520 668 2589 jurari
686 2519 813 2585 fecimus,
826 2525 854 2574 et
873 2521 1027 2574 secundum
1047 2521 1122 2590 quod
1141 2521 1220 2574 Lom-

165 2605 249 2660 bardi
261 2623 323 2659 eam
339 2606 413 2659 bona
431 2607 486 2659 fide
504 2606 714 2671 intellexerunt,
728 2608 758 2659 in
777 2612 940 2676 perpetuum
961 2612 1053 2660 ratam
1072 2608 1173 2661 habere
1192 2614 1220 2660 et

166 2693 324 2748 conservari
338 2693 497 2746 statuimus.
535 2693 571 2746 Et
584 2697 616 2745 ut
631 2694 714 2746 firma
731 2699 894 2763 permaneat
913 2699 941 2747 et
960 2695 1131 2759 inconcussa,
1145 2712 1221 2764 prae-

166 2784 276 2834 sentam
288 2780 423 2849 paginam
435 2781 525 2833 nostri
537 2780 720 2849 impressione
733 2780 820 2848 sigilli
832 2781 951 2834 fecimus
964 2782 1140 2834 communiri.

203 2867 328 2921 Nomina
340 2884 405 2920 vero
424 2867 579 2931 civitatum,
594 2867 696 2935 quibus
715 2868 837 2936 gratiam
855 2874 980 2921 nostram
1000 2869 1174 2922 reddidimus
1193 2871 1221 2923 et

167 2954 368 3024 praescriptam
386 2954 505 3006 fecimus
524 2954 730 3007 concessionem
749 2972 798 3007 seu
816 2956 1035 3024 permissionem,
1052 2956 1120 3010 haec
1139 2963 1220 3010 sunt:

167 3041 319 3106 Vercellae,
333 3041 466 3105 Novaria,
481 3042 682 3106 Mediolanum,
697 3042 802 3107 Lauda,
820 3043 995 3113 Pergamum,
1015 3043 1121 3106 Brixia,
1143 3045 1222 3097 Mau-

167 3131 226 3193 tua,
251 3129 373 3191 Verona,
400 3128 538 3193 Vicentia,
571 3130 677 3193 Padua,
703 3130 872 3193 Tarvisium,
905 3131 1041 3194 Bononia,
1074 3131 1219 3193 Faventia,

168 3214 290 3279 Mutina,
317 3215 445 3284 Regium,
472 3216 580 3279 Parma,
604 3217 755 3269 Placentia.
794 3218 860 3270 Istis
885 3222 978 3270 antem
1005 3218 1168 3270 civilatibus
1193 3223 1221 3270 et

168 3304 237 3358 locis
249 3322 344 3373 pacem
359 3304 469 3356 firmam
483 3321 591 3356 servare
604 3305 733 3357 volumus
746 3309 775 3357 et
787 3305 908 3374 gratiam
925 3309 1050 3357 nostram
1069 3306 1220 3358 reddimus.

204 3393 410 3460 Praescriptam
435 3397 529 3444 autem
554 3393 768 3456 concessionem,
790 3411 838 3446 seu
863 3393 1074 3461 permissionem
1100 3393 1140 3445 eis
1165 3411 1221 3445 uon

168 3480 297 3544 facimus,
311 3480 441 3532 videlicet
461 3481 573 3543 imolae,
588 3480 687 3533 Castro
707 3481 802 3533 Sancti
822 3480 957 3545 Cassiani,
978 3480 1075 3544 Bobio,
1093 3479 1168 3549 plebi
1188 3480 1222 3532 de

169 3568 348 3631 Grabadona,
362 3568 481 3631 Feltrae,
504 3569 645 3631 Bellonae,
660 3568 788 3631 Cenetae,
803 3569 961 3631 Ferrariam
989 3573 1082 3620 autem
1102 3568 1222 3636 gratiam

168 3660 293 3709 nostram
317 3654 460 3706 reddimus
482 3659 510 3706 et
532 3655 730 3724 praescriptam
750 3656 957 3708 concessionem
976 3656 1015 3707 eis
1036 3656 1155 3707 iacintus
1174 3672 1222 3707 seu

169 3742 390 3812 permissionem,
405 3742 428 3792 si
442 3741 517 3794 inira
531 3743 600 3794 duos
615 3760 722 3794 irienses
738 3748 801 3811 post
819 3743 941 3794 reditum
962 3742 1185 3794 Lomlrardormn
1207 3759 1223 3794 a

169 3827 248 3882 curia
261 3831 358 3881 nostra
370 3827 404 3880 de
417 3845 484 3896 pace
497 3828 668 3897 praescripta
680 3846 743 3881 cum
757 3830 796 3882 eis
809 3829 959 3882 concordes
972 3828 1087 3881 fuerint.
