2768 4268
403 342 477 388 run
499 340 801 388 nosnssraurnu
823 341 968 387 rumor).
1149 309 1213 387 137

162 512 272 595 pletis,
301 511 401 576 iidem
431 510 699 596 archiepiscopus
730 518 765 575 et
795 510 968 595 episcopus
994 508 1218 594 resignabunt

163 616 256 680 nobis
283 624 391 680 castra
420 615 572 700 predicta
598 617 653 680 vel
684 616 739 679 cui
769 636 828 678 nos
858 614 1111 698 preceperimus.
1158 613 1216 676 Ad

163 721 259 805 cujus
283 721 331 784 rei
357 721 548 784 memoriam
578 741 713 804 presens
743 720 906 802 scriptum
936 717 1008 781 fieri
1039 724 1074 782 et
1103 717 1217 804 sigillo

163 826 346 909 majestatis
362 832 475 888 nostre
490 824 648 908 jussimus
665 823 872 887 communiri.

207 927 296 991 Data
328 928 364 990 in
397 927 514 992 castris
544 949 646 1012 prope
678 926 897 1011 Ceperanum,
929 948 1017 990 anno
1049 910 1216 990 dominice

162 1032 400 1096 incarnationis
417 1030 512 1109 1230,
529 1054 641 1097 mense
658 1031 816 1117 Augusto
833 1031 930 1095 tertie
947 1029 1164 1094 indictionis.1

649 1258 729 1322 VII.

211 1398 319 1485 [Aug.
337 1398 406 1485 27]
430 1398 472 1460 ,Ν
475 1420 510 1461 os
527 1397 739 1463 Eberhardus
757 1397 820 1460 Dei
836 1396 944 1481 gratia
964 1395 1217 1482 Salzburgensis

163 1502 430 1587 archiepiscopus
456 1509 490 1566 et
517 1500 661 1565 Sifridus
688 1501 940 1585 Ratisponensis
965 1501 1148 1584 episcopus,
1172 1499 1216 1562 ad

164 1628 373 1670 communem
389 1608 543 1670 notitiam
560 1607 709 1669 omnium
726 1605 932 1680 deducimus,
951 1604 1043 1689 quod
1060 1603 1217 1668 dominus

164 1711 344 1793 imperator
359 1731 459 1793 super
475 1710 615 1773 articulo
632 1708 673 1773 de
689 1709 837 1773 collectis
855 1716 890 1773 et
905 1709 1007 1772 talliis
1026 1709 1156 1772 litteras
1180 1710 1214 1770 in

164 1812 271 1876 forma
286 1814 452 1898 suscripta
468 1814 615 1878 confecit
630 1836 689 1897 per
713 1835 827 1877 onmes
851 1821 960 1897 partes
984 1813 1078 1898 regni
1102 1811 1216 1876 Sicilie

165 1916 389 1981 destinandas.
437 1917 654 1981 “Fridericus
670 1918 735 1981 Dei
751 1918 859 2003 gratia
876 1917 1101 1980 Romanorum
1117 1917 1217 2000 impe·

164 2029 254 2085 rator
277 2043 408 2106 semper
430 2031 593 2108 augustus
619 2022 805 2085 Jerusalem
833 2029 868 2086 et
894 2020 1006 2086 Sicilie
1030 2042 1099 2096 rex,
1122 2021 1217 2106 justi-

164 2127 279 2203 tiariis,
296 2126 484 2203 comitibus,
507 2126 695 2202 baronibus
720 2127 909 2190 camerariis
933 2125 1064 2210 bajulis,
1087 2132 1123 2189 et
1145 2127 1218 2188 uni-

164 2232 267 2296 versis
280 2230 474 2295 officialibus
486 2253 545 2315 per
558 2239 679 2295 terram
691 2229 828 2294 Laboris
841 2231 1033 2294 constitutis
1046 2238 1217 2314 presentes

164 2336 293 2400 litteras
308 2336 510 2420 inspecturis
526 2335 680 2400 fidelibus
696 2336 765 2399 suis
781 2336 923 2420 gratiam
939 2355 1034 2397 suam
1049 2342 1084 2398 et
1095 2334 1216 2397 bonam

164 2441 386 2505 voluntatem.
433 2439 604 2504 Fidelitati
622 2447 731 2504 vestre
748 2439 811 2504 sub
827 2436 966 2504 obtentu
983 2441 1090 2525 gratie
1104 2447 1216 2502 nostre

166 2544 360 2608 mandamus
377 2544 516 2608 firmiter
531 2545 762 2628 precipientes,
780 2546 939 2627 quatinus
955 2543 1070 2607 nullus
1089 2544 1134 2607 sit
1157 2544 1216 2626 qui

166 2648 319 2731 deinceps
347 2649 456 2711 tallias
483 2670 543 2712 seu
568 2649 723 2711 collectas
748 2649 898 2731 imponat
921 2648 1069 2711 ecclesiis
1091 2668 1219 2709 monas-

166 2752 267 2824 teriis,
284 2751 412 2814 clericis
425 2773 484 2814 seu
498 2753 644 2835 personis
657 2752 899 2825 ecclesiasticis,
913 2752 966 2814 vel
979 2751 1077 2814 rebus
1090 2772 1216 2826 eorum,

165 2855 266 2917 salvis
283 2854 403 2918 debitis
419 2857 563 2919 servitiis
587 2855 629 2918 ad
652 2877 718 2939 que
741 2864 829 2919 certe
854 2856 991 2919 ecclesie
1015 2877 1052 2919 ac
1076 2876 1215 2939 persone

166 2960 259 3022 nobis
276 2968 461 3023 noscuntur
477 2981 547 3023 esse
568 2959 757 3043 specialiter
781 2959 935 3043 obligate.
982 2959 1070 3022 Data
1094 2960 1129 3021 in
1152 2980 1220 3023 cas-

166 3066 226 3127 tris
243 3086 343 3148 propc
362 3064 570 3148 Ceperanum
588 3064 628 3126 23
645 3063 747 3147 Aug,
765 3062 784 3125 3
801 3062 939 3125 indict.'’
986 3063 1026 3124 ln
1050 3063 1146 3145 cujus
1170 3064 1217 3125 rei

166 3170 396 3232 testimonium
413 3176 582 3252 presentes
599 3168 728 3231 litteras
744 3167 935 3251 scripsimus
952 3174 987 3229 et
1001 3167 1122 3253 sigillis
1146 3188 1220 3229 nos-

167 3275 226 3336 tris
243 3272 383 3336 fecimus
399 3273 607 3335 communiri.

210 3377 298 3441 Data
313 3375 404 3461 apud
420 3376 628 3460 Ceperanum
646 3376 665 3439 6
684 3376 756 3440 Kal.
772 3375 863 3460 Sept.

211 3545 218 3578 ¹
232 3545 300 3593 This
313 3558 370 3593 iras
383 3544 442 3592 also
455 3545 623 3605 guarantecd
636 3544 672 3604 by
685 3556 760 3591 same
772 3542 960 3591 ecclesiastlcs
972 3541 1026 3590 and
1038 3541 1135 3599 dukes,
1149 3541 1220 3591 with

166 3629 314 3688 exception
327 3627 360 3675 of
378 3627 500 3687 Leopold
513 3626 545 3674 of
563 3625 688 3682 Austrla,
702 3638 733 3673 as
746 3638 819 3673 were
832 3625 861 3682 1,
874 3625 919 3681 11,
932 3624 986 3672 and
999 3624 1050 3672 111.
