2768 4268
407 334 481 381 THE
504 331 806 381 HOHENSTAUFEN
828 330 973 378 PERIOD.
1156 313 1219 379 151

161 503 318 579 seculari,
335 502 399 566 nisi
421 522 521 585 super
540 498 647 565 feodis
671 499 803 584 questio
819 500 964 564 civiliter
979 498 1166 576 haberetur,
1182 521 1219 564 ac

166 607 364 692 Templariis
381 613 416 670 et
432 604 668 689 Hospitalariis
685 611 720 667 et
735 604 808 668 aliis
824 604 974 688 personis
987 605 1219 669 ecclesiasticis

163 711 208 777 de
224 711 376 795 dampnis
393 715 428 773 et
443 708 575 793 injuriis
598 708 751 793 irrogatis
771 707 897 772 eisdem
912 707 1121 773 satisfaceret
1136 730 1221 773 com-

165 822 338 901 petenter3
358 814 428 898 ipse
441 811 638 875 mandatum
653 811 845 897 hujusmodi
861 811 1041 896 adimplere
1055 821 1221 898 contemp-

163 921 221 984 sit.
253 919 377 1002 Liquet
388 938 532 1000 namque
546 915 702 980 undecim
719 924 778 980 aut
793 916 905 1000 plures
922 916 1219 1002 archiepiscopales

166 1031 201 1088 et
225 1023 350 1086 multas
375 1020 577 1107 episcopales
601 1019 707 1096 sedes,
733 1019 880 1084 abbatias
908 1042 1042 1104 quoque
1069 1043 1107 1085 ac
1138 1022 1220 1086 alias

164 1127 323 1192 ecclesias
347 1125 389 1189 ad
412 1146 567 1210 praesens
590 1125 626 1187 in
650 1145 754 1209 regno
777 1145 894 1189 vacare
918 1123 1078 1208 predicta
1098 1145 1220 1209 easque

168 1237 366 1316 procurante
383 1231 465 1314 ipso,
481 1229 570 1293 sicut
592 1236 706 1314 aperte
727 1235 830 1312 patet,
847 1227 951 1292 fuisse
967 1227 1095 1292 diutius
1118 1230 1221 1312 prela-

168 1343 278 1400 torum
294 1336 455 1422 regimine
468 1333 648 1398 destitutas
665 1335 697 1395 in
715 1355 817 1418 grave
833 1333 981 1418 ipsarum
997 1333 1220 1419 prejudicium

165 1447 202 1504 et
216 1440 402 1524 periculum
419 1439 614 1514 animarum,
631 1446 666 1502 et
680 1438 761 1501 licet
776 1436 862 1502 forte
886 1438 923 1500 in
946 1438 1115 1521 aliquibus
1138 1439 1221 1523 ejus-

168 1543 243 1608 dem
260 1544 356 1628 regni
373 1543 520 1606 ecclesiis
537 1543 715 1606 electiones
739 1543 808 1605 sint
831 1563 850 1605 a
870 1542 1026 1625 capitulis
1045 1541 1220 1617 celebrate,

166 1649 248 1733 quia
264 1656 375 1711 tamen
387 1668 446 1729 per
458 1647 518 1709 illa
531 1646 681 1731 ejusdem
693 1646 873 1709 familiares
890 1646 1002 1710 clerici
1019 1655 1099 1710 sunt
1111 1647 1220 1723 electi,

167 1751 330 1837 probabili
357 1757 469 1834 potest
495 1758 693 1835 argumento
719 1749 875 1813 concludi
903 1749 995 1834 quod
1024 1749 1222 1815 facultatem

169 1877 237 1919 non
263 1854 455 1919 habuerunt
480 1853 619 1918 liberam
646 1853 802 1940 eligendi.
854 1855 1079 1918 Ecclesiarunr
1107 1863 1220 1919 autem

169 1961 274 2044 ipsius
300 1960 392 2044 regni
418 1979 485 2022 non
508 1958 617 2022 solum
642 1957 822 2022 facultates
847 1966 882 2022 et
906 1959 992 2022 bona
1017 1958 1099 2022 fecit
1122 1966 1222 2043 prout

169 2065 277 2128 voluit
300 2063 465 2147 occupari,
488 2061 547 2126 sed
570 2063 670 2126 ctiam
693 2084 816 2139 cruces,
841 2061 1023 2139 thuribula,
1043 2064 1163 2127 calices
1187 2073 1222 2128 et

169 2169 250 2232 alios
277 2190 391 2232 earum
421 2188 531 2232 sacros
561 2167 734 2232 thesauros
762 2174 796 2231 et
823 2189 950 2253 pannos
977 2169 1099 2232 sericos
1126 2170 1222 2233 velut

168 2273 281 2337 cultus
306 2272 413 2337 divini
437 2279 648 2356 contemptor
670 2270 817 2348 aufferri,
834 2272 914 2337 licet
937 2279 976 2335 ut
999 2272 1123 2337 dicitur
1141 2274 1221 2358 ipsis

166 2378 327 2453 ecclesiia
355 2385 474 2442 exacto
502 2385 615 2441 tamen
641 2378 732 2461 prius
759 2399 818 2462 pro
846 2377 893 2440 eis
920 2386 1010 2441 certo
1037 2379 1159 2462 precio
1187 2380 1221 2441 in

169 2489 261 2566 parte
286 2481 413 2545 fuerint
436 2482 595 2545 restituti.
637 2480 759 2545 Clerici
784 2482 907 2565 quippe
932 2481 1082 2545 collectis
1106 2490 1141 2546 et
1164 2483 1224 2546 tal-

168 2586 222 2648 liis
247 2587 480 2668 multipliciter
503 2585 734 2670 affinguntur,
759 2607 820 2649 nec
844 2587 953 2649 solum
977 2586 1157 2649 trahuntur
1179 2586 1223 2650 ad

167 2688 316 2773 judicem
351 2689 546 2763 secularem,
574 2688 633 2752 sed
663 2697 703 2752 ut
730 2691 889 2753 asseritur
917 2698 1085 2773 coguntur
1110 2690 1222 2754 subire

168 2792 293 2865 duella,
322 2793 579 2866 incarcerantur,
605 2792 806 2856 occiduntur
829 2802 864 2857 et
889 2794 1048 2877 patibulis
1076 2796 1224 2858 crucian-

168 2906 226 2958 tur
256 2897 289 2956 in
322 2895 552 2958 confusionem
583 2904 616 2959 et
647 2895 859 2980 obprobrium
890 2897 1014 2961 ordinis
1049 2899 1221 2962 clericalis.

171 2999 314 3062 Prefatis
338 3007 451 3063 autcnr
468 2999 666 3082 Templariis
694 3008 729 3064 ct
754 3000 989 3084 Hospitalariis
1014 3009 1049 3065 et
1074 3003 1222 3086 personis

168 3103 402 3167 ecclesiasticis
441 3125 506 3166 non
539 3112 591 3168 est
621 3104 662 3168 de
694 3104 847 3188 dampnis
886 3106 987 3168 illatis
1026 3105 1151 3170 eisdem
1189 3113 1223 3171 et

169 3208 302 3292 injuriis
341 3207 561 3271 satisfactum.
624 3208 711 3271 Eum
743 3231 878 3293 quoque
910 3219 1039 3272 certum
1070 3218 1121 3273 est
1151 3210 1221 3274 fore

167 3312 337 3398 sacrilegii
361 3319 572 3396 patratorem.
619 3312 705 3375 Nam
724 3335 800 3376 curn
817 3313 959 3397 praefati
977 3314 1173 3377 Portuensis
1190 3322 1224 3377 et

172 3416 390 3480 Prenestinus
407 3417 553 3501 episcopi
570 3425 604 3481 et
619 3438 720 3501 quam
737 3417 849 3500 plures
866 3418 1081 3481 ecclesiarum
1103 3418 1223 3500 prelati

168 3529 206 3585 et
222 3521 332 3585 clerici
355 3529 422 3585 tam
443 3521 589 3607 religiosi
614 3543 714 3605 quam
738 3522 903 3585 seculares
928 3520 970 3584 ad
993 3522 1223 3605 Apostolicanr

169 3624 290 3689 Sedem
309 3647 368 3709 pro
385 3624 584 3689 celebrando
600 3625 742 3688 concilio
759 3625 852 3708 quod
871 3626 941 3709 ipsc
964 3626 1056 3710 prius
1081 3627 1224 3708 petierat-

169 3729 357 3806 conrocari,
374 3750 433 3814 per
449 3750 536 3794 mare
553 3729 717 3805 venirent,
735 3730 798 3793 viis
814 3730 878 3815 ipsi
893 3739 981 3794 terre
1002 3729 1044 3793 de
1066 3729 1223 3797 mandato
