2768 4268
371 335 373 339 ’
429 342 504 388 run
527 341 780 389 annonarum
806 342 952 408 Parnon.
1178 327 1219 390 13

165 512 338 576 missarum
363 509 485 575 obtulit
508 512 577 596 ipse
601 512 831 575 serenissimus
856 513 1009 578 Domnus
1033 513 1220 598 Imperator

164 636 314 680 mensam
335 623 537 701 argenteam,
554 636 630 679 oum
651 615 793 700 pedibus
809 617 888 692 suis,
904 638 1040 701 pensan.
1056 617 1121 681 libr
1146 665 1153 679 .
1179 666 1185 680 .
1211 665 1218 680 .

627 848 763 874 —000—

250 1019 324 1080 THE
347 1019 597 1095 aaooorunon
621 1020 664 1081 of
688 1020 963 1082 OHARLEMAGNE
986 1021 1037 1082 BY
1059 1020 1133 1081 THE

482 1120 697 1181 BYZANTINE
720 1120 901 1181 EMPEROR.

217 1266 248 1324 a)
270 1265 392 1326 [Annales
403 1268 579 1314 Laurissenses
590 1273 616 1313 et
626 1268 749 1313 Einhardi
765 1268 830 1326 (812)
841 1282 846 1314 :
863 1269 898 1313 M.
911 1269 941 1314 G.
954 1269 997 1324 Η.,
1009 1268 1052 1315 SS.
1065 1270 1084 1314 1.
1098 1267 1159 1326 199]

208 1410 379 1474 Nioiforus
400 1412 579 1495 imperator
601 1419 677 1495 post
700 1411 823 1474 multas
840 1419 874 1474 et
897 1412 1045 1496 insignes
1062 1412 1218 1475 victorias

161 1516 198 1576 in
231 1515 358 1579 Moesia
389 1516 561 1599 provincia
591 1516 765 1578 commisso
796 1536 872 1578 oum
905 1515 1061 1599 Bulgaris
1092 1515 1218 1598 proelio

164 1620 314 1693 moritur,
328 1627 363 1682 et
379 1619 548 1681 Miohabel
564 1640 667 1703 gener
679 1619 750 1702 ejus
762 1619 940 1701 imperator
955 1618 1075 1693 faetus
1089 1620 1218 1704 legatos

163 1722 371 1805 imperatoris
397 1723 501 1795 Karli,
518 1723 576 1805 qui
598 1721 785 1785 Nieiforum
802 1723 893 1784 missi
916 1722 1065 1798 fuerunt,
1082 1723 1118 1785 in
1134 1722 1220 1786 Con·

160 1826 381 1909 stantinopoli
412 1827 561 1909 suscepit
587 1833 622 1890 et
652 1825 795 1889 absolvit
822 1847 900 1889 oum
930 1826 1052 1910 quibus
1079 1835 1114 1891 et
1140 1849 1218 1891 suos

164 1929 293 2012 legatos
315 1928 447 2002 direxit,
467 1929 672 1994 Miehhalem
692 1931 822 1993 scilieet
842 1931 1044 2015 episcopum,
1066 1938 1101 1995 et
1122 1932 1220 1996 Arsa·

163 2032 245 2094 fium
276 2041 377 2117 atque
406 2034 659 2118 Theognostum
690 2035 984 2119 protospatharios,
1011 2043 1046 2099 et
1076 2058 1136 2120 per
1162 2058 1218 2100 eos

163 2158 279 2220 paoem
305 2159 324 2200 a
352 2136 500 2201 Nieiforo
527 2140 694 2223 inceptam
720 2139 938 2203 confirmavit.
985 2139 1071 2202 Nam
1098 2141 1220 2224 Aquis-

160 2242 269 2325 grani‚
292 2242 348 2305 ubi
372 2242 415 2305 ad
437 2243 670 2327 imperatorem
688 2252 864 2320 venerunt,
881 2245 1042 2328 seriptum
1066 2246 1155 2328 paoti
1178 2244 1220 2308 ab

164 2367 202 2408 eo
232 2347 266 2408 in
298 2347 436 2410 ecelesia
466 2349 695 2431 suscipient-es,
723 2370 813 2412 more
844 2370 915 2422 sun,
943 2348 978 2411 id
1008 2357 1060 2412 est
1091 2348 1219 2412 Graee'a

164 2448 307 2534 Lingua,
324 2451 441 2515 laudes
457 2453 487 2515 ei
512 2451 681 2526 dixerunt,
700 2453 936 2536 Imperatorem
953 2474 1030 2515 eum
1048 2453 1218 2516 Basileum

163 2555 379 2638 appellantes
397 2563 432 2620 et
454 2556 652 2620 revertendo
677 2557 816 2619 Romam
833 2557 1016 2630 venientes
1033 2557 1067 2618 in
1084 2556 1218 2620 basilica

160 2660 270 2722 saneti
288 2659 380 2723 Petri
396 2661 538 2743 apostoli
556 2660 698 2724 eundem
721 2661 811 2743 pacti
827 2682 888 2724 seu
904 2659 1048 2724 foederis
1068 2660 1218 2724 libellum

162 2779 183 2820 a
200 2760 309 2826 Leone
326 2785 411 2847 papa
427 2763 537 2827 denuo
553 2770 782 2847 susceperunt.

277 3011 306 3069 b)
330 3012 420 3070 [rama
438 3015 493 3058 Bib.
506 3015 562 3060 lter.
577 3013 644 3067 Ger,
658 3016 700 3059 IV.
711 3018 762 3060 415.
793 3017 846 3062 The
857 3016 977 3062 selention
988 3017 1009 3060 is
1021 3017 1086 3061 from
1097 3029 1112 3061 a

489 3089 564 3134 letter
575 3091 601 3133 ol
612 3090 795 3145 Clrarlernagne
810 3089 898 3148 (813).]

209 3229 445 3294 Benedieimus
467 3230 640 3293 dominum
658 3232 769 3294 Iesum
794 3230 966 3294 Christum
983 3253 1100 3295 verum
1117 3231 1217 3295 (lenm

164 3343 316 3398 nostrum
344 3342 379 3398 et
405 3336 529 3420 gratias
557 3336 607 3397 illi
634 3336 730 3418 juxta
755 3337 877 3398 virium
904 3335 1158 3419 possibilitatem
1184 3347 1218 3398 et

163 3440 415 3525 intellegentiae
440 3449 571 3503 nostrae
596 3441 820 3524 quantitatem
846 3463 886 3504 ex
911 3448 982 3503 toto
1010 3439 1108 3502 eorde
1137 3439 1218 3503 rofe-

163 3547 278 3618 rimus
290 3546 347 3628 qui
362 3567 420 3608 nos
434 3544 595 3608 ineffabili
607 3544 694 3608 dono
707 3544 923 3629 benignitatis
939 3566 1017 3608 suae
1035 3545 1068 3606 in
1086 3552 1217 3608 tanturn

162 3646 286 3710 divites
310 3648 438 3712 efficere
466 3648 625 3734 dignatus
653 3657 714 3724 est,
739 3657 777 3712 ut
802 3651 838 3712 in
865 3648 981 3712 diebus
1010 3650 1131 3711 nostris
1159 3648 1218 3712 diu

162 3753 351 3834 quaesitam
367 3760 401 3816 et
415 3775 546 3838 semper
564 3753 787 3818 desideratam
810 3774 926 3837 pacem
949 3754 1038 3817 inter
1056 3754 1216 3817 orientale
