2768 4268
180 309 244 371 120
399 325 532 370 suuucr
556 325 760 370 imminuat
787 323 1015 370 Documuurs.

181 595 355 657 SUMMONS
385 596 428 656 OF
455 595 664 656 PREDERIOK
692 595 731 656 H.
757 594 802 656 TO
827 595 890 656 HIS
916 595 1085 657 ORUSADE
1118 599 1235 676 (1221).

521 763 564 823 [Μ.
578 765 607 810 G.
617 765 656 821 H,
670 765 821 820 LL.11.245,
833 763 893 822 246]

225 909 415 974 Fridericus
430 910 598 974 secundus
615 911 679 974 Dei
695 911 802 996 gratia
815 910 1042 974 Romanorum
1054 911 1236 996 imperator

180 1022 215 1077 et
231 1036 360 1097 semper
376 1022 540 1099 augustus
557 1021 591 1077 et
606 1037 665 1077 rex
679 1013 802 1090 Sicilie,
815 1015 980 1078 universis
993 1015 1067 1100 ejus
1079 1014 1235 1080 fidelibus

180 1117 223 1180 ad
236 1139 320 1201 quos
336 1119 449 1182 littere
468 1119 531 1181 iste
555 1120 780 1202 pervenerint,
796 1140 890 1181 suam
906 1120 1048 1204 gratiam
1064 1127 1098 1182 et
1114 1120 1235 1184 bonam

181 1223 403 1286 voluntatem.
449 1221 532 1286 Post
554 1223 727 1286 obtentam
751 1223 791 1286 de
815 1224 922 1287 multa
945 1232 979 1287 et
996 1225 1086 1288 varia
1108 1224 1235 1289 hostili-

181 1335 249 1391 tate
266 1327 392 1391 facient
407 1327 552 1391 Domino
568 1328 752 1403 victoriam,
769 1336 846 1413 post
868 1329 1030 1413 plurimos
1054 1329 1235 1395 laboriosos

181 1454 314 1518 agoneS,
331 1433 367 1495 in
392 1430 513 1515 quibus
537 1433 667 1515 imperii
690 1433 809 1508 virtus,
834 1439 868 1496 et
889 1434 997 1519 gloria
1020 1435 1234 1519 imperatorie

181 1537 365 1620 majestatis
396 1537 531 1612 enituit,
559 1536 656 1599 decet
685 1559 744 1600 nos
776 1538 926 1600 omnium
957 1535 1150 1616 creatorem,
1175 1563 1234 1626 per

182 1662 282 1724 quem
307 1641 463 1717 vivimus,
491 1663 674 1717 movemur,
703 1649 737 1705 et
766 1663 892 1719 sumus,
917 1665 977 1727 per
1003 1665 1104 1727 quem
1134 1645 1236 1729 impe-

181 1745 272 1807 rialis
306 1745 462 1809 culminis
494 1746 617 1828 optatis
647 1744 864 1809 felicitatibus
895 1747 1130 1831 gubernamur,
1161 1756 1235 1812 toto

181 1849 290 1925 eorde,
307 1858 379 1913 tota
402 1857 523 1925 mente,
541 1858 574 1913 et
597 1851 686 1912 omni
708 1850 834 1913 virtute
859 1849 1008 1936 diligere,
1025 1861 1061 1916 et
1082 1854 1115 1916 ei
1139 1852 1237 1916 devo·

180 1955 307 2017 tissime
339 1953 493 2017 omnibus
520 1952 647 2016 viribus
674 1954 825 2016 totaliter
854 1954 1029 2018 adherere:
1062 1958 1142 2040 quia
1172 1958 1235 2021 etsi

181 2079 354 2121 successus
371 2057 465 2121 nobis
482 2057 650 2120 mundane
667 2059 895 2142 prosperitatis
912 2059 1067 2136 arrideat,
1083 2061 1180 2136 absit,
1197 2069 1238 2124 ut

181 2161 276 2225 favor
291 2163 480 2226 transitorie
497 2161 668 2225 felicitatis
685 2184 745 2225 nos
762 2182 781 2224 a
797 2163 902 2226 nostri
918 2163 1100 2228 conditoris
1124 2187 1235 2229 amore

180 2267 305 2350 pariter
330 2274 365 2330 et
392 2266 508 2330 timore
535 2265 702 2330 deflectat.
749 2264 1007 2331 Considerantes
1034 2269 1150 2353 igitur,
1173 2291 1235 2334 nec

181 2372 251 2434 sine
269 2370 490 2434 amaritudine
507 2371 710 2434 amarissima
727 2371 921 2448 recolentes,
937 2372 1110 2438 salutifere
1127 2375 1236 2438 crucis
1256 2424 1258 2428 -

183 2475 385 2558 triumphale
402 2475 576 2551 vexillum,
593 2475 804 2538 Dominioam
827 2477 1046 2559 sepulturam,
1063 2479 1235 2543 civitatem

181 2587 341 2655 sanctam,
357 2581 393 2641 in
410 2602 476 2663 qua
492 2580 635 2642 salutem
650 2586 798 2641 nostram
814 2587 866 2643 est
881 2580 1047 2644 Dominus
1069 2590 1236 2665 operatus,

182 2693 217 2748 et
232 2683 421 2748 venerabile
441 2684 615 2767 templum,
633 2691 667 2747 et
690 2685 908 2747 coenaculum
931 2685 1056 2770 grande
1080 2693 1236 2764 stratum,

181 2790 216 2850 in
234 2811 300 2873 quo
317 2789 462 2851 Domino
478 2788 601 2872 pascha
617 2787 772 2871 discipuli
788 2797 999 2871 paraverunt,
1017 2812 1177 2854 conversa
1200 2792 1235 2854 in

182 2894 361 2968 theatrum,
379 2901 414 2956 et
429 2893 576 2956 seculare
594 2891 784 2967 ridiculum,
801 2892 858 2955 ubi
875 2893 1001 2957 Rachel
1023 2895 1134 2978 plorat
1155 2895 1237 2958 filio

181 3020 255 3061 rum
285 3020 423 3061 suorum
453 2997 628 3081 jugalum3
666 2996 871 3059 horrendum
901 2996 1042 3074 facinus
1074 3007 1109 3062 et
1139 3001 1234 3062 triste

181 3103 420 3186 spectaculum,
438 3102 519 3165 tacti
536 3101 648 3163 dolore
667 3100 773 3163 cordis
788 3102 991 3165 intrinsecus
1008 3110 1042 3166 et
1057 3102 1177 3167 rubore
1194 3103 1235 3168 de

180 3229 342 3270 succursu
359 3206 458 3269 celeri
476 3205 592 3268 diebus
617 3212 651 3268 et
674 3204 828 3268 noctibus
853 3206 1047 3291 cogitamus,
1064 3207 1177 3292 galeas
1202 3215 1237 3271 et

181 3333 293 3386 naveS,
314 3318 414 3394 prout
437 3332 488 3373 res
512 3310 628 3394 exigit,
645 3309 820 3394 magnifice
843 3319 1068 3393 preparantes
1114 3311 1155 3374 In
1178 3312 1237 3373 im·

180 3415 362 3500 perialibus
386 3416 500 3498 itaque
524 3414 672 3477 humeris
691 3415 876 3476 innomine
894 3413 1236 3479 Crucifixivexillum

181 3522 287 3584 crucis
314 3527 469 3604 patenter
492 3527 640 3602 tempore
668 3527 780 3583 nostre
807 3521 1030 3583 coronationis
1059 3520 1235 3594 ereximus,

180 3634 221 3689 ut
237 3625 367 3688 cunctis
383 3625 516 3708 imperii
532 3625 638 3687 nostri
654 3623 808 3687 fidelibus
825 3625 1022 3699 innotescat,
1040 3623 1132 3708 quod
1147 3623 1237 3687 sicut

179 3731 323 3816 gratiam
353 3737 500 3792 nostram
533 3728 681 3813 diligunt
712 3736 747 3791 et
777 3749 942 3803 coronam,
967 3727 1009 3790 ad
1039 3747 1237 3790 succursum
