2768 4268
417 329 491 374 rua
513 328 815 375 sonsusrnurun
837 329 983 376 Piraion.
1165 311 1230 376 105

175 498 270 573 absit,
292 499 321 561 si
344 497 499 562 dominus
522 499 703 581 imperator
718 499 949 582 premoriatur,
966 497 1120 560 dominus
1144 519 1231 582 papa

139 595 143 600 ⁵
175 610 210 666 66
226 601 409 665 cardinales
426 608 461 665 et
476 602 615 665 ecelesia
639 602 788 664 Romana
810 601 1018 685 jamdictam
1041 623 1156 685 pacem
1179 602 1231 664 fir-

175 707 273 769 miter
299 705 523 769 observabunt
552 706 734 768 successori
764 727 825 768 suo
856 712 891 769 et
921 705 1109 790 B(eatrici>
1138 705 1229 770 felici

175 811 272 872 uxori
288 811 359 894 ejus
376 817 410 873 66
426 809 574 873 Henrieo
589 810 661 895 regi
677 808 746 872 filio
763 811 834 894 ejus
851 809 1051 873 et'omnibus
1068 809 1109 873 de
1123 810 1229 874 Theo·
1288 855 1290 860 ,

175 915 287 977 lonico
303 935 405 999 regno
429 921 464 977 66
487 914 606 977 ceteris
630 913 839 998 adjutoribus
863 914 940 988 suis,
958 915 1047 977 sicut
1069 916 1229 999 prescrip-

175 1026 249 1082 tum
265 1025 325 1081 est.
372 1018 418 1080 Et
432 1039 638 1081 successores
655 1017 782 1080 domini
805 1038 888 1102 pape
910 1018 1065 1081 similiter
1080 1018 1230 1082 observa

175 1121 270 1185 bunt.

220 1225 483 1306 †Wiemannus
529 1224 800 1311 Madiburgensis
846 1226 1113 1310 archiepiscopus
1154 1226 1230 1290 sub-

175 1331 301 1413 scripsi.

221 1434 440 1518 †Philippus
469 1434 677 1498 Coloniensis
704 1434 970 1518 archiepiscopus
998 1434 1186 1519 subscripsi.

220 1538 239 1619 'f
264 1539 337 1624 Ego
373 1538 560 1600 Cristianus
598 1538 819 1623 Maguntinus
855 1538 1120 1621 archiepiscopus
1156 1539 1230 1602 sub

175 1644 301 1726 scripsi.
946 1639 961 1652 ’

220 1746 336 1832 †Ego
375 1745 546 1809 Arualdus
585 1745 802 1809 Treuerensis
844 1745 1110 1830 archiepiscopus
1139 1746 1230 1810 'sub

175 1852 300 1935 scripsi.
708 1854 712 1860 '

220 1954 239 2035 †
264 1954 336 2040 Ego
353 1953 529 2017 Arduinus
553 1955 720 2038 imperalis
744 1953 1014 2038 prothonotarius
1037 1954 1229 2039 subscripsi.

634 2177 770 2202 -w-

367 2345 586 2407 TESTAMENT
614 2345 658 2405 OF
686 2345 816 2406 HENRY
843 2346 892 2406 VI.
927 2347 1042 2426 (1197).

517 2506 561 2566 [n.
574 2507 604 2553 e.
617 2507 658 2562 6.,
671 2508 719 2552 m.
732 2509 763 2553 11.
776 2521 800 2563 a,
812 2506 894 2566 rsa]1

221 2648 419 2731 lrnperatrix
436 2667 570 2709 consors
590 2655 713 2721 nostra,
730 2654 764 2709 66
780 2647 868 2709 filius
891 2658 1004 2711 noster
1020 2648 1229 2726 Fredericus,

176 2752 311 2813 domino
342 2772 444 2833 papae
470 2758 504 2812 66
528 2750 686 2812 ecclcsiae
716 2750 884 2814 Romanae
913 2752 1093 2816 exhibeant
1118 2756 1230 2817 onmia

175 2857 258 2938 jura,
285 2875 370 2937 quac
396 2875 415 2915 a
440 2852 572 2938 regibus
601 2851 733 2915 Siciliae
761 2865 1008 2918 consueverunt
1039 2856 1168 2931 habere,
1194 2868 1228 2922 et

177 2959 310 3019 domino
335 2978 437 3040 papae
461 2957 675 3019 securitatem
698 2955 833 3030 faciant,
853 2959 952 3020 sicuti
975 2981 1069 3043 reges
1094 2959 1226 3026 Siciliae

176 3084 305 3125 summo
329 3060 477 3146 pintilici
501 3069 536 3124 66
559 3061 728 3124 Romanae
748 3063 904 3125 ecclesiae
922 3062 1031 3126 lacere
1049 3086 1228 3129 consueve-
1281 3083 1288 3092 '

177 3176 265 3231 runt.
312 3166 347 3230 Si
366 3189 444 3230 vero
468 3166 635 3250 praedicta
659 3189 791 3230 consors
816 3177 930 3231 nostra
954 3181 1227 3253 praemoreretur,

176 3274 264 3337 filius
281 3280 395 3336 noster
410 3272 596 3336 secundum
613 3272 856 3336 ordinat-ionem
880 3290 974 3337 suam
999 3283 1176 3349 remaneat,
1193 3283 1228 3339 66

175 3380 202 3442 si
219 3379 308 3442 filius
325 3385 437 3440 nosber
452 3377 522 3440 sine
539 3377 658 3441 herede
675 3377 864 3451 decesserit,
877 3400 1017 3463 regnum
1035 3378 1166 3442 Siciliae
1184 3379 1227 3442 ad

176 3484 361 3547 Romanam
376 3482 548 3545 ecclesiam
565 3481 731 3546 deveniat.
763 3481 799 3546 Si
812 3505 891 3546 vero
904 3482 994 3546 filius
1011 3492 1124 3548 noster
1136 3506 1229 3567 prae-

220 3659 228 3690 ¹
242 3660 298 3708 For
307 3672 446 3720 summary
457 3658 489 3706 of
502 3663 663 3719 arguments
675 3671 706 3706 as
720 3663 749 3706 to
762 3659 946 3718 genuineness
959 3659 992 3706 of
1004 3660 1060 3707 thls
1070 3661 1228 3718 document,

176 3741 213 3789 cf.
229 3742 325 3791 l'rutz:
346 3742 622 3804 Staatcngcschlchtc
635 3742 684 3790 des
697 3742 870 3789 Abenloudcs
890 3742 926 3789 illl
945 3741 1118 3799 Mittclaltcr,
1135 3744 1154 3792 1.
1168 3745 1224 3792 573.
