2768 4268
408 341 483 388 run
506 338 806 387 uoucnsraursu
829 338 976 385 Pnaron.
1179 319 1221 385 79

163 509 255 584 serit,
278 507 432 573 dominus
463 529 549 593 papa
579 506 708 593 juribus
739 505 828 570 beati
861 503 955 570 Petri
988 527 1066 569 eum
1096 506 1220 590 rejcere

164 612 304 678 curabit.

209 717 283 782 Hec
299 717 410 780 omnia
426 737 468 781 ex
484 723 626 800 utraque
642 724 735 801 parte
751 716 823 779 sine
840 712 959 779 fraude
976 721 1011 778 et
1025 714 1113 777 malo
1128 715 1222 800 iugc·

164 823 220 885 nio
235 820 469 896 servabuntur,
486 821 551 884 nisi
570 819 656 911 forte
678 819 783 884 libero
807 826 841 883 et
863 819 1033 883 communi
1057 839 1221 883 consensu

163 927 340 1008 utriusque
360 926 592 988 immutentur.
639 923 756 988 Testes
779 931 902 999 autem,
920 943 1063 1007 quorum
1085 923 1220 986 nomina

163 1029 351 1113 subscripta
373 1027 543 1102 videntur,
560 1026 733 1091 Arnoldus
759 1027 967 1091 Coloniensis
991 1026 1221 1111 Archiepiscc·

163 1155 237 1218 pus,
269 1133 486 1197 Hermannus
520 1131 788 1196 constantiensis
819 1113 1004 1215 episcopus,
1037 1130 1220 1194 Anselmus

164 1236 425 1323 Avelbcrgensis
456 1237 643 1321 episcopus,
672 1234 811 1299 Ardicio
842 1234 1014 1299 Cumanus
1045 1235 1219 1318 episcopus

166 1340 413 1427 (Adelgottus)
446 1340 620 1405 Curiensis
658 1340 842 1424 episcopus,
876 1337 1066 1403 Wilbaldus
1103 1337 1221 1402 Stabu-

163 1445 265 1509 lensis
292 1444 416 1519 Abbas‚
444 1443 605 1509 Albertus
634 1443 844 1508 Coloniensis
871 1442 1028 1517 decanus,
1055 1441 1219 1527 Magister

165 1549 335 1614 Henricus
359 1549 520 1625 notarius,
538 1546 753 1612 Gottifredus
770 1546 990 1612 Viterbieusis
1015 1546 1220 1630 Capelianus

163 1655 271 1739 regis3
295 1674 337 1717 ex
353 1652 447 1716 laicis
468 1674 603 1737 quoque
620 1652 765 1736 Welpho
781 1650 861 1725 dux,
880 1650 1031 1714 Marchio
1056 1649 1219 1714 Herman-

107 1776 118 1788 ·
164 1777 228 1821 nus
259 1757 299 1822 de
331 1757 458 1833 Rauen,
483 1756 603 1820 Comes
627 1756 763 1820 Uiricus
795 1753 835 1818 de
868 1753 1074 1829 Lenzburch‚
1100 1752 1220 1818 Comes

166 1861 350 1925 Werncrus
388 1861 430 1925 dc
469 1860 674 1936 Lensburch‚
714 1860 896 1924 Anselmus
935 1857 1145 1922 Camerarius
1186 1864 1221 1922 et

166 1965 392 2029 ministerialis
422 1966 521 2051 regis.
1145 1952 1155 1968 ’

210 2069 352 2155 Signum
382 2069 510 2133 domini
548 2068 716 2134 Frederici
755 2068 982 2131 Romanorum
1011 2067 1220 2151 imperatoris

211 2278 283 2363 Ego
301 2277 473 2341 Arnoldus
491 2276 718 2341 Cancellarius
735 2275 925 2362 recognovi.

211 2382 338 2446 Datum
363 2381 562 2446 Constantie
587 2382 630 2444 X.
654 2381 727 2444 Kal.
745 2380 883 2464 Aprilis.
934 2379 1122 2444 Indiotione
1140 2378 1220 2442 XV.

166 2507 254 2549 anno
278 2485 442 2550 dominice
467 2486 705 2550 incarnationis
730 2484 876 2548 MCLII.
900 2491 1062 2570 regnante
1086 2483 1222 2547 domino

167 2589 346 2653 Frederico
370 2590 597 2653 Romanorum
621 2611 698 2675 rege
722 2590 876 2676 glorioso,
897 2609 985 2652 anno
1009 2609 1088 2653 vero
1112 2588 1221 2674 Regni

167 2714 239 2776 ejus
255 2714 373 2776 primo.

627 2824 763 2848 —000—

356 2993 430 3054 THE
457 2993 597 3055 Arsam
625 2992 668 3055 OF
692 2992 883 3071 Bssluoor
916 2998 1030 3074 (1157).

205 3141 346 3202 [Ruhewinl
358 3143 415 3190 Ges.
428 3144 497 3189 Frid.
510 3144 581 3202 Imp,
593 3144 638 3190 111.
673 3144 731 3202 (Ed.
741 3145 826 3192 Waltz
836 3145 862 3190 in
875 3145 1015 3205 Scriptores
1025 3147 1083 3193 Rer.
1095 3145 1187 3205 Ger.)].

451 3275 492 3356 a)
519 3271 629 3337 Letter
645 3273 682 3354 cf
700 3273 858 3338 Hadrian
873 3272 938 3338 IV.

212 3412 240 3477 9.
274 3411 446 3477 Adrianus
467 3414 787 3499 episcopusservus
809 3437 982 3480 servorum
1005 3415 1080 3492 Dei,
1097 3415 1222 3480 dilecto

168 3516 236 3580 filio
260 3516 440 3593 Friderno,
457 3518 585 3582 illustri
608 3520 835 3583 Romanorum
858 3520 1062 3604 imperatori,
1078 3519 1222 3584 salutem

167 3630 202 3685 et
226 3622 443 3706 apostolicam
470 3622 748 3688 benedictionem.
795 3624 1029 3709 Imperatoriae
1056 3625 1222 3709 majestati

167 3728 282 3811 paucis
307 3729 479 3793 retroactis
506 3727 628 3794 dicbus
650 3731 828 3795 recolimus
852 3752 911 3796 nos
933 3732 1112 3816 scripsisse,
1135 3730 1222 3794 illud
