2768 4268
357 377 493 423 rumor)
517 378 562 424 or
585 377 661 423 run
683 375 806 423 sexos
831 375 1035 423 EMPERORS.
1180 357 1220 421 21

212 544 285 607 Hoo
317 542 435 608 eodem
466 551 614 628 tempore
641 543 812 606 Arnaldus
840 564 918 607 oum
945 564 1049 607 uxore
1081 550 1115 606 et
1145 542 1222 607 filiis

167 649 343 734 Hungaria
366 647 507 723 rediens,
530 647 709 711 honorifice
733 670 752 711 a
776 646 948 732 Bagoariis
971 655 1074 731 atque
1098 646 1141 712 ab
1162 648 1223 710 ori-

166 751 333 818 entalibus
349 751 530 834 suscipitur
552 750 700 815 Francis.
746 750 864 835 Neque
881 752 971 815 enim
987 752 1105 826 solum,
1122 752 1223 814 susci-

166 858 266 941 pitur,
283 855 343 920 sed
366 862 405 918 ut
427 876 485 919 rex
509 854 577 928 fiat,
594 854 635 917 ab
651 856 691 918 iis
708 854 923 919 vehementer
938 855 1101 918 hortatur.
1148 855 1221 919 Rex

168 961 348 1025 Heinrious
378 980 454 1022 oum
485 958 714 1043 obtemperare
748 959 817 1022 suis
855 980 970 1023 omnes
1007 958 1220 1044 jussionibus,

166 1063 355 1127 Arnaldum
378 1062 586 1127 solummodo
610 1063 763 1127 resistere
788 1070 948 1139 cerneret,
964 1063 1136 1147 pervalido
1159 1065 1223 1127 ool-

166 1170 254 1233 leoto
278 1168 438 1242 exercitu,
463 1167 662 1252 Bagoariam
685 1166 805 1231 tendit.
862 1167 962 1246 Quod
986 1166 1158 1231 Arnaldus
1182 1175 1222 1231 ut

166 1272 307 1348 audivit,
335 1272 407 1356 ejus
438 1292 504 1334 non
536 1292 653 1355 passus
684 1278 736 1335 est
766 1272 801 1333 in
832 1270 994 1356 Bagoaria
1025 1272 1221 1355 praestolari

166 1377 368 1450 adventurm
399 1397 516 1439 verum
541 1375 701 1450 oolleotis,
727 1375 848 1458 quibus
872 1376 989 1450 valuit,
1014 1376 1118 1459 copiis
1142 1375 1220 1440 huio

166 1482 298 1546 obviam
313 1487 476 1565 properat.
524 1478 674 1563 Cuperat
689 1499 767 1543 sane
784 1480 905 1562 etipse
922 1501 980 1542 rex
998 1479 1078 1542 fieri.
1122 1478 1221 1543 Cum·

166 1608 232 1670 que
253 1586 343 1649 ineo
361 1591 456 1659 esset,
477 1590 516 1646 ut
539 1583 666 1646 bellurn
690 1583 814 1666 pariter
836 1583 920 1646 inire
944 1581 1114 1658 deberent,
1132 1584 1221 1647 siout

167 1690 219 1753 vir
245 1689 377 1771 sapiens
402 1696 437 1750 et
464 1686 527 1750 Dei
556 1687 677 1749 timens
704 1707 763 1750 rex
791 1685 970 1750 Heinrious
998 1688 1151 1772 cogitans
1177 1709 1220 1751 ex

167 1802 310 1875 utraque
337 1797 430 1874 parte
458 1789 719 1874 inrecuperabile
747 1811 841 1874 posse
869 1789 1029 1853 damnum
1059 1791 1220 1868 aooidere,

167 1894 329 1970 Arnaldo‚
354 1895 513 1978 quatinus
536 1887 613 1957 'oum
636 1894 707 1958 solo
729 1894 821 1958 solus
844 1894 1012 1978 loquatur,
1029 1893 1218 1959 denuntiat.

167 2000 296 2064 Putans
315 1999 419 2084 igitur
435 1997 616 2074 Arnaldus‚
634 2019 702 2082 quo
725 1999 888 2084 singulari
912 2020 947 2062 se
971 1999 1095 2062 aooiret
1118 2006 1219 2063 certa

166 2106 265 2178 mine,
282 2102 325 2167 ad
342 2102 535 2167 condictum
557 2103 669 2166 locum
685 2103 777 2166 solus
800 2103 884 2165 hora
906 2110 1034 2166 statuta
1057 2103 1219 2187 pervenit.
1284 2130 1287 2135 ·

166 2209 277 2288 Quem
300 2207 364 2271 sibi
383 2206 515 2271 obviam
534 2214 769 2291 properantem
789 2229 848 2271 rex
874 2206 1055 2271 Heinrious
1082 2208 1142 2272 tali
1169 2215 1221 2271 est

165 2334 316 2378 sermone
332 2311 527 2397 adgressus:

342 2466 445 2518 insana
459 2464 574 2517 Domini
586 2464 671 2534 jussis
684 2464 754 2534 quid
767 2469 861 2518 mente
874 2465 981 2518 resistis
988 2465 1001 2516 ‘i

376 2552 459 2616 Quod
472 2553 592 2620 populus
605 2569 699 2622 regem
711 2569 756 2604 me
768 2553 846 2620 cupit
859 2569 927 2615 esse,
942 2552 1022 2616 scias

342 2639 463 2708 Imperio
477 2639 593 2701 Christi,
608 2657 664 2708 quo
677 2643 789 2692 constat
801 2639 933 2692 machina
945 2639 1060 2704 mundi3

377 2727 512 2778 Tartarus
524 2725 600 2778 hunc
614 2711 724 2791 metuit,
738 2726 812 2778 huno
827 2727 961 2796 Flegeton
976 2726 1089 2790 timuit;

341 2813 469 2867 Conterit
483 2813 527 2866 hio
541 2813 646 2866 nitidos
659 2831 738 2882 reges
751 2813 914 2883 dudumque
928 2813 1089 2866 tremendos

377 2900 571 2969 sublimesque
584 2901 697 2965 volens;
718 2901 801 2970 erigit
814 2900 860 2954 hio
874 2901 997 2964 miseroS,

342 2989 405 3051 Quo
419 2987 532 3039 meritas
547 2987 668 3040 Domino
682 2988 778 3040 laudes
791 3005 840 3056 per
852 2989 946 3041 secula
959 2989 1078 3041 solvant.

376 3075 457 3126 Tune
470 3074 597 3143 superbe,
611 3091 682 3136 reue,
696 3075 810 3143 perfide,
824 3075 901 3138 dure,
914 3075 1004 3140 ferox,

341 3161 469 3214 invidiae
482 3161 604 3214 stimulis
618 3178 737 3230 sevaque
750 3162 881 3230 cupidine
894 3166 994 3226 tactus,

376 3248 500 3317 Corpora
511 3248 702 3301 christicolum
716 3249 829 3317 perdere
844 3249 924 3302 valde
937 3249 1019 3301 sitis?

341 3336 371 3389 Si
383 3353 476 3404 regem
490 3335 610 3404 populus
623 3340 736 3404 cuperet
748 3352 917 3404 praeponere
931 3339 1026 3400 temet,

376 3422 509 3476 Protinus
521 3423 545 3474 is
557 3439 655 3486 essem,
669 3422 718 3491 qui
730 3423 821 3492 magis
834 3422 886 3475 hoo
899 3427 1020 3491 cuperet.

209 3563 282 3627 Hoo
299 3563 404 3648 igitur
419 3560 623 3645 quadrifario
636 3560 768 3625 dicendi
784 3583 915 3647 genere,
929 3563 1061 3646 copioso
1078 3562 1216 3638 seilicet,

162 3667 266 3741 brevi,
282 3659 369 3731 siooo
385 3674 420 3729 et
435 3664 562 3741 florido,
579 3687 637 3729 rex
656 3664 846 3740 HeinriouS‚
863 3673 903 3729 ut
920 3676 993 3729 erat
1015 3666 1118 3730 animi
1141 3686 1217 3750 pru·

93 3817 98 3823 -
163 3772 254 3847 dens
272 3769 415 3835 Arnaldi
431 3770 579 3832 animum
594 3770 755 3845 muleens
772 3769 815 3832 ad
830 3791 907 3834 snos
923 3768 1033 3834 rediit.
