2768 4268
161 318 202 382 38
382 335 516 383 sunner
540 332 745 381 nnorrnvnn
772 331 999 380 occurruurs.

208 502 309 581 Quod
340 504 473 566 nullum
504 502 690 586 capitulum
721 501 904 585 nullusque
930 500 1014 565 liber
1038 502 1217 566 canonicus

161 607 324 671 habeatur
347 607 471 691 absque
496 607 587 669 illius
610 608 819 670 auctoritate.

207 711 308 789 Quod
322 712 491 775 sententia
506 710 599 773 illius
615 731 634 772 a
650 710 745 773 nullo
762 709 882 774 debeat
898 711 1083 785 retraetari,
1097 719 1132 774 et
1146 712 1216 794 ipse

162 816 312 880 omnium
327 816 418 879 solus
435 821 612 878 retractare
629 815 744 898 possit.

207 918 308 997 Quod
323 941 342 982 a
358 919 489 982 nemine
506 919 576 1002 ipse
592 917 733 1003 judicari
750 917 878 981 debeat.
938 964 945 973 .

208 1023 309 1100 Quod
332 1024 446 1086 nullus
470 1022 594 1086 audeat
616 1022 837 1086 condemnare
862 1023 1079 1106 apostolicam
1105 1023 1218 1087 sedem

162 1128 374 1212 apellantem.

208 1231 309 1310 Quod
332 1233 471 1316 majores
495 1252 613 1296 causae
638 1232 880 1317 cujuscumque
905 1232 1063 1296 ccclesiae
1081 1231 1124 1295 ad
1144 1254 1217 1295 eam

163 1336 280 1401 referri
297 1335 450 1400 debeant.

209 1439 311 1518 Quod
327 1441 477 1504 Romana
492 1440 632 1504 ecclesia
648 1461 833 1522 numquam
857 1441 981 1504 erravit
1003 1462 1065 1504 nec
1089 1442 1124 1503 in
1148 1463 1219 1525 per-

164 1551 315 1630 potuum,
332 1545 495 1628 scriptura
511 1550 667 1618 testante,
683 1543 815 1609 errabit.

210 1647 311 1726 Quod
328 1648 498 1711 Romanus
514 1646 680 1731 pontifex,
696 1649 724 1711 si
742 1649 898 1711 canonice
915 1648 1019 1711 fuerit
1035 1648 1218 1724 ordinatus

166 1754 293 1817 meritis
310 1751 399 1816 beati
412 1751 506 1816 Petri
519 1750 749 1815 indubitanter
761 1751 904 1816 efficitur
915 1759 1060 1828 sanctus
1074 1760 1219 1817 testante

166 1863 282 1921 sancto
300 1856 456 1919 Ennodio
471 1856 626 1939 Papiensi
640 1857 805 1940 episcopo
816 1857 846 1919 ei
859 1856 974 1919 multis
987 1857 1111 1920 sanetis
1123 1858 1221 1941 patri-

165 1961 228 2025 bus
252 1960 455 2035 faventibus
481 1961 568 2023 sicut
593 1961 628 2023 in
654 1960 795 2024 decretis
821 1959 910 2023 beati
935 1959 1091 2044 Symaohi
1115 1982 1220 2044 papae

167 2066 368 2129 continetur.

212 2169 320 2256 Quod
331 2171 421 2233 illius
438 2176 616 2253 praecepto
634 2175 668 2232 et
683 2168 819 2231 licentia
835 2166 996 2251 subjectio
1012 2169 1115 2233 liceat
1130 2189 1222 2232 accu-

166 2296 247 2338 sare.
901 2358 904 2365 Ι

213 2377 314 2455 Quod
351 2377 475 2460 absque
514 2376 668 2460 synodali
700 2381 884 2440 convcntcr
915 2378 1021 2460 possit
1051 2378 1222 2461 episcopos

168 2481 335 2566 deponere
352 2489 387 2546 et
403 2481 624 2545 reconciliare.

213 2585 314 2664 Quod
344 2585 528 2648 catholicus
560 2605 628 2647 non
658 2583 831 2658 habeatur,
860 2585 918 2667 qui
949 2606 1017 2647 non
1043 2585 1224 2648 concordat

170 2691 338 2755 Romanae
356 2689 525 2754 ecclesiae.

216 2793 317 2872 Quod
341 2815 360 2857 a
387 2792 548 2856 fidelitate
574 2792 767 2876 iniquorum
792 2791 959 2876 subjectos
984 2799 1096 2876 potest
1122 2793 1225 2857 absol·

169 2919 257 2962 Vere.

635 3006 772 3030 ...φορ-

397 3167 471 3229 THE
499 3167 621 3228 SYNOD
649 3166 699 3226 Ar
726 3165 857 3227 WORMS
889 3167 997 3233 (1⁰76).

248 3332 289 3414 a)
319 3330 384 3394 rte
408 3328 521 3393 Letter
545 3330 582 3410 of
602 3328 651 3392 the
675 3327 818 3414 Biehope
842 3339 871 3391 to
901 3328 1048 3412 Grepory
1080 3327 1155 3391 VII.

532 3493 877 3555 memmnnm

219 3639 400 3725 Sigifridus
421 3639 639 3724 Mogontinus
656 3637 934 3722 archiepiscopus
953 3636 1030 3700 Udo
1048 3637 1229 3701 Treveren-

173 3744 228 3820 sis
264 3743 501 3807 Willehelmus
534 3742 767 3827 Trajectensis‚
799 3740 1025 3804 Herimannus
1056 3739 1229 3815 Meterius
