2768 4268
380 311 454 357 1111
476 309 778 358 1011111101111
801 311 946 358 11111011.
1128 295 1189 358 107
1259 334 1261 337 v

137 482 326 568 principum
342 479 483 544 nuncios
500 477 668 543 adsedem
692 479 909 564 apostolicam
933 479 1117 544 destinatos
1140 480 1192 544 be-

137 587 239 672 nigne
256 584 453 667 recepimus,
470 590 505 647 et
520 584 568 648 eis
584 583 779 648 benevolam
804 582 963 646 duximus
986 584 1190 648 audientiam

136 688 390 774 indulgendam.
437 688 565 752 Literas
593 709 738 772 quoque,
765 709 848 771 quas
879 710 938 772 per
967 710 1023 752 eos
1055 688 1191 772 quidem

72 858 75 866 ,
137 793 265 857 nobiles
282 793 449 878 principes
466 791 689 868 destinarunt,
703 791 884 876 diligenter
896 793 1023 878 perlegi
1039 792 1190 868 fecimus,

136 906 173 962 et
190 918 275 982 quae
292 895 551 960 continebantur
566 897 601 957 in
617 896 665 960 eis
680 896 872 959 notavimus
885 897 1051 959 universa.
1098 896 1192 960 Inter

137 1011 249 1067 cetera
272 1022 351 1065 vero
374 1000 510 1084 quidam
533 1001 700 1084 principes
723 1000 785 1064 hac
809 1001 981 1084 praecipue
1007 1000 1190 1085 objectione

136 1114 220 1170 sunt
235 1107 297 1182 usi,
315 1105 475 1181 dicentes,
496 1103 587 1188 quod
609 1104 808 1168 venerabilis
832 1103 936 1167 frater
959 1112 1072 1168 noster
1096 1104 1193 1167 Prae-

138 1211 291 1275 nestinus
307 1211 481 1293 episcopus
498 1209 698 1293 apostolicae
714 1208 803 1272 sedis
818 1209 950 1294 legatus
967 1216 1027 1300 aut
1038 1209 1191 1273 electoris

137 1315 244 1401 gessit
259 1320 319 1377 aut
341 1314 523 1399 cognitoris
546 1334 739 1398 personam
763 1314 792 1376 si
815 1313 977 1389 electoris,
993 1314 1028 1375 in
1052 1335 1192 1377 messem

51 1467 54 1473 .
137 1420 281 1482 alienam
308 1419 443 1481 miserat
469 1417 589 1481 falcem
612 1439 717 1495 suam,
742 1425 775 1481 et
797 1418 955 1481 electioni
977 1440 1012 1482 se
1036 1418 1191 1504 ingerens

139 1523 330 1608 principum
347 1521 565 1607 derogaverat
580 1521 757 1606 dignitati3
781 1522 809 1584 11
825 1522 1040 1607 congnitoris,
1057 1522 1191 1587 absente

137 1627 243 1691 altera
254 1626 411 1710 partium,
422 1625 558 1690 videtur
569 1646 741 1711 perperam
751 1627 961 1709 processisse,
972 1648 1077 1710 quum
1089 1627 1192 1691 citata

140 1751 208 1794 non
224 1729 336 1805 fuerit,
349 1738 384 1795 et
395 1729 469 1793 ideo
482 1751 549 1792 non
560 1729 676 1794 debint
686 1736 867 1794 contumax
879 1729 1030 1814 judicari.
1062 1731 1192 1795 Verum

141 1856 213 1911 101,
231 1835 289 1918 qui
305 1833 490 1897 secundum
514 1834 688 1917 apostolici
711 1834 883 1897 servitutis
907 1833 1053 1897 officium
1076 1856 1192 1899 sumus

139 1942 283 2027 singulis
300 1942 333 2003 11
350 1942 480 2025 justitia
496 1939 670 2015 debitores,
687 1940 776 2003 sicut
794 1941 958 2024 justitiam
981 1949 1129 2005 nostram
1151 1941 1193 2005 ab

138 2046 214 2110 aliis
231 2046 386 2108 nolumus
403 2045 566 2128 usurpari,
582 2045 629 2107 sic
645 2044 698 2128 jus
714 2045 904 2128 principum
920 2045 1013 2109 nobis
1035 2046 1192 2110 nolumus

140 2149 320 2214 vindicare.
367 2149 495 2213 Verum
526 2149 592 2211 illis
623 2148 828 2233 principibus
855 2149 908 2233 jus
934 2159 968 2213 et
992 2157 1193 2234 potestatem

137 2254 287 2340 eligendi
310 2277 431 2340 regem,
452 2255 486 2315 in
510 2255 742 2337 imperatorem
765 2253 979 2337 postmodum
1001 2277 1193 2339 promoven-

138 2357 230 2433 dum,
254 2359 531 2445 recognoscimus
554 2366 594 2421 ut
621 2358 789 2434 debemus,
814 2357 856 2421 ad
884 2380 966 2443 quos
995 2358 1035 2423 de
1059 2360 1131 2444 jure
1155 2382 1191 2423 ac

139 2464 279 2546 antiqua
310 2463 553 2527 consuetudine
590 2465 740 2527 noscitur
768 2464 958 2547 pertinere3
988 2465 1191 2547 praesertim,

139 2589 246 2652 quum
270 2567 312 2630 ad
335 2591 390 2631 eos
413 2569 465 2652 jus
490 2577 524 2632 et
550 2576 697 2652 potestas
724 2569 917 2653 hujusmodi
944 2568 985 2631 ab
1011 2570 1193 2652 apostolica

138 2671 217 2736 sede
234 2674 433 2756 pervenerit,
452 2694 537 2755 quae
557 2674 744 2736 Romanum
760 2675 937 2756 imperium
962 2674 995 2734 in
1019 2695 1192 2758 personam

141 2775 309 2860 magnifici
327 2777 473 2839 Corolia
490 2775 627 2839 Graecis
644 2777 819 2840 transtulit
836 2778 868 2838 in
887 2776 1080 2840 Germanos.
1128 2777 1193 2841 Sed

140 2889 175 2943 et
189 2880 352 2963 principes
366 2901 600 2963 recognoscere
615 2880 747 2951 debent,
761 2889 795 2944 et
807 2882 924 2963 utique
938 2890 1192 2965 recognoscunt,

140 2985 227 3046 sieut
248 2982 347 3045 iidem
372 2984 406 3044 in
431 2991 544 3046 nostra
567 3005 788 3068 recognovere
814 2985 1009 3067 praesentia,
1027 2985 1118 3067 quod
1140 2986 1193 3067 jus

140 3097 175 3150 et
192 3087 375 3149 auctoritas
392 3087 603 3150 examinandi
619 3108 790 3171 personam
808 3088 948 3150 electam
965 3089 999 3149 in
1025 3110 1136 3172 regem
1160 3096 1194 3151 et

141 3190 401 3273 promovendam
428 3190 470 3254 ad
498 3192 673 3274 imperium
699 3190 742 3254 ad
769 3213 828 3253 nos
860 3200 999 3274 spectat,
1028 3193 1086 3274 qui
1117 3213 1192 3254 eum

142 3294 346 3378 inungimus,
364 3316 593 3359 consecramus
610 3302 643 3358 ct
660 3316 866 3358 coronamus.
913 3295 975 3358 Est
990 3296 1079 3357 011111
1101 3317 1195 3380 regu-

141 3398 256 3462 lariter
271 3408 305 3462 et
320 3400 522 3483 generaliter
538 3399 760 3472 observatum,
778 3406 817 3461 ut
832 3398 874 3460 ad
891 3420 966 3461 cum
992 3399 1194 3462 examinatio
1275 3434 1280 3444 ·

142 3524 300 3587 personae
327 3505 502 3587 pertineat,
526 3503 568 3566 ad
593 3525 693 3587 quem
719 3504 887 3587 impositio
911 3524 1029 3566 manus
1053 3511 1193 3586 spectat.

143 3606 317 3690 Numquid
334 3609 432 3681 enim,
448 3609 477 3669 si
493 3609 657 3691 principes
674 3628 740 3670 101
758 3607 867 3670 solum
890 3609 923 3669 in
944 3606 1118 3682 discordia,
1135 3606 1192 3671 sed

141 3712 242 3773 ctiam
260 3712 293 3773 in
311 3710 487 3774 concordia
502 3711 702 3796 sacrilegum
726 3732 972 3795 quemcunque,
989 3712 1043 3775 vel
1066 3733 1195 3774 excom·
