2768 4268
294 342 428 389 aaaron
452 341 497 387 or
518 341 594 391 run
617 340 860 387 rirasconmu
886 341 1089 389 nirrnnoas.
1176 325 1217 390 47

163 533 228 596 que
246 510 449 596 principibus
472 510 566 594 regni
584 509 850 572 Teutonicorum
874 509 1093 573 christianum
1119 509 1218 573 fidem

162 615 419 694 defendentibus
435 615 578 677 salutem
595 621 630 676 et
646 613 864 696 apostolicam
880 613 1158 679 benedictionem.

207 720 376 799 Quoniam
404 740 462 802 pro
489 739 599 781 amore
627 717 776 800 justitiae
805 739 1016 781 communem
1044 718 1217 783 nobiscum

163 826 197 887 in
217 846 323 910 agone
343 823 542 886 christianae
567 822 707 885 militiae
731 842 864 885 causam
888 831 923 886 ct
945 824 1132 906 periculum
1149 846 1219 888 sus-

164 929 317 1013 cepistis3
342 927 487 1010 qualiter
502 948 568 1000 rex,
584 926 779 989 humiliatus
800 925 842 989 ad
860 928 1111 1011 poenitentiam,
1129 928 1219 993 abso

163 1033 302 1096 lutionis
329 1031 461 1095 veniam
488 1032 727 1114 impetraverit,
757 1039 791 1094 et
819 1031 986 1114 quomodo
1017 1041 1087 1096 tota
1119 1054 1218 1097 causa

163 1145 239 1221 post
262 1137 437 1200 introitum
461 1135 531 1218 ejus
555 1136 590 1197 in
615 1135 747 1199 ltaliam
774 1134 840 1199 huc
865 1158 969 1219 usque
994 1136 1140 1201 deducta
1163 1137 1217 1212 sit,

165 1249 292 1305 vestrae
310 1240 482 1303 dilectioni
498 1240 627 1303 sincera
643 1241 782 1304 caritate
799 1240 945 1304 indicare
963 1242 1162 1304 curavimus·

208 1345 302 1408 Sicut
329 1345 553 1408 constitutum
579 1342 647 1406 fuit
675 1365 753 1407 cum
780 1345 910 1429 legatis
934 1346 993 1427 qui
1020 1345 1061 1408 ad
1089 1367 1148 1408 nos
1177 1345 1217 1410 de

163 1451 283 1514 vestris
308 1448 456 1532 partibus
480 1449 571 1511 missi
598 1456 687 1523 sunt,
712 1449 747 1510 in
775 1448 1039 1533 Longobardiam
1063 1450 1217 1514 venimus

164 1555 295 1618 circiter
327 1553 448 1638 viginti
479 1551 550 1616 dies
581 1560 658 1615 ante
685 1553 885 1626 terminum,
919 1554 952 1614 in
991 1575 1057 1636 quo
1095 1554 1218 1637 aliquis

164 1657 289 1720 ducum
314 1656 355 1719 ad
381 1658 489 1720 clusas
514 1655 608 1719 nobis
634 1677 806 1719 occurrere
833 1655 968 1731 debuit3
1001 1667 1218 1741 expectantes

164 1760 348 1825 adventum
379 1761 524 1834 illorum,
556 1767 722 1843 quatenus
754 1758 797 1822 ad
829 1769 938 1842 partes
971 1761 1044 1823 illas
1077 1763 1218 1826 transire

164 1885 346 1949 possemus.
407 1863 535 1927 Verum
566 1884 653 1937 cum,
685 1863 751 1946 jam
789 1863 929 1928 decurso
968 1866 1120 1941 termino,
1154 1867 1217 1930 hoc

165 1969 259 2032 nobis
283 1969 519 2031 nunciaretur:
543 1966 595 2031 his
619 1967 822 2051 temporibus
847 1989 923 2052 prae
947 1969 1219 2054 multis—quod

165 2082 199 2137 ct
215 2095 275 2137 nos
291 2072 428 2157 quidem
445 2071 609 2136 credimus
621 2110 664 2118 -
674 2070 927 2136 difficultatibus
944 2072 1105 2137 ducatum
1125 2074 1219 2138 nobis

165 2179 295 2242 obviam
323 2178 412 2241 mitti
439 2198 507 2240 non
535 2198 653 2261 posse3
681 2197 741 2241 nec
769 2176 906 2241 aliunde
934 2178 1064 2261 copiam
1090 2177 1133 2241 ad
1160 2201 1219 2243 vos

166 2281 360 2347 transeundi
391 2281 608 2356 haberemus3
642 2302 710 2345 non
742 2302 843 2365 parva
874 2282 1111 2358 sollicitudine,
1137 2283 1220 2366 quid

165 2389 376 2472 potissimum
400 2386 493 2450 nobis
518 2385 687 2472 agendum
713 2385 811 2461 foret,
836 2386 1058 2450 circumventi
1082 2408 1208 2450 sumus.

211 2492 349 2555 interim
381 2511 470 2565 vero,
502 2511 614 2575 regem
644 2490 837 2563 adventare
870 2497 958 2554 certe
990 2492 1219 2575 cognovimus.

168 2595 235 2673 Qui
264 2597 375 2670 etiam,
401 2596 597 2678 priusquam
626 2595 784 2657 intrasset
812 2594 955 2667 ltaliam,
982 2595 1150 2678 supplices
1178 2594 1221 2658 ad

168 2720 227 2761 nos
258 2699 386 2782 legatos
417 2699 642 2781 praemittens,
672 2720 730 2781 per
762 2699 873 2761 omnia
903 2720 937 2762 se
968 2698 1219 2763 satisfacturum

170 2803 241 2866 Deo
265 2812 299 2866 et
321 2811 437 2865 sancto
462 2801 563 2865 Petro
586 2823 624 2865 ac
648 2801 751 2876 nobis
769 2801 911 2876 obtulit3
937 2810 980 2875 et,
1004 2802 1045 2865 ad
1069 2802 1221 2866 emenda-

167 2907 293 2969 tionem
309 2907 397 2969 vitae
418 2926 506 2979 suae,
524 2926 655 2968 omnem
677 2928 712 2970 se
736 2914 946 2968 servaturum
966 2905 1220 2982 oboedientiam,

169 3010 374 3094 repronrisit3
399 3007 579 3071 dummodo
602 3007 692 3092 apud
715 3030 776 3071 nos
800 3008 1019 3073 absolutionis
1040 3018 1074 3073 et
1092 3019 1221 3094 aposto-

168 3115 251 3177 licae
268 3112 506 3177 benedictionis
523 3113 662 3197 gratiam
680 3113 856 3196 impetrare
883 3121 1073 3176 mereretur.
1121 3113 1222 3192 Quod

168 3240 244 3282 cum
262 3217 320 3280 diu
337 3217 451 3280 multis
468 3215 769 3280 consultationibus
788 3215 991 3290 differentes
1008 3218 1128 3280 acriter
1144 3239 1221 3281 eum

169 3322 209 3385 de
226 3323 295 3385 suis
311 3320 500 3386 excessibus
517 3342 576 3405 per
592 3341 706 3384 ornnes
724 3321 781 3403 qui
799 3320 1064 3384 intercurrebant
1080 3322 1221 3385 nuncios

169 3427 463 3513 redargueremus3
488 3424 622 3488 tandem
646 3445 704 3508 per
728 3431 833 3488 semet
855 3425 975 3508 ipsum,
993 3424 1078 3487 nihil
1100 3424 1222 3489 hostile

138 3550 144 3566 “
169 3540 228 3595 aut
251 3530 463 3596 temerarium
487 3537 668 3604 ostentans,
693 3527 736 3591 ad
758 3527 919 3611 oppidum
936 3527 1084 3604 Canusii,
1100 3529 1135 3591 in
1155 3551 1222 3613 quo

170 3636 289 3698 morati
305 3656 431 3710 sumus
448 3655 525 3698 curn
541 3633 655 3716 paucis
672 3631 819 3696 advenit.
864 3631 981 3716 Ibique
998 3654 1057 3717 per
1072 3633 1223 3696 triduum

169 3747 246 3803 ante
270 3746 399 3823 portam
423 3737 531 3812 castri,
556 3735 709 3820 deposito
731 3757 828 3799 omne
853 3736 946 3821 regio
970 3737 1076 3811 cultri,
1092 3737 1225 3800 misera
