2768 4268
161 351 204 413 36
382 365 514 411 sunncr
537 364 743 411 nnnrmvnn
768 363 997 410 nocuunnrs.

161 535 339 618 potestatis
355 533 523 598 vindicem
539 555 606 597 non
622 534 693 596 sine
709 554 809 598 causa
824 531 975 618 gladium
998 535 1215 616 portavimus,

163 660 224 702 nec
241 645 354 702 tamen
370 638 405 700 in
418 659 501 713 reos,
515 645 554 701 ut
565 638 692 721 justum
704 637 781 712 fuit,
791 636 966 722 judiciaria
977 637 1075 699 illum
1086 659 1217 721 semper

164 763 305 806 censura
322 742 583 828 evaginavimus.
629 740 728 803 Nunc
745 748 859 804 autern
875 740 989 804 divina
1005 742 1215 805 miseratione

163 847 412 930 aliquantulum
430 846 622 930 compuncti
638 854 673 909 et
685 847 720 907 in
732 866 793 908 nos
805 846 940 918 reversi,
953 853 1090 927 peccata
1103 854 1216 909 nostra

163 951 273 1035 priora
285 959 414 1014 vestrae
427 949 738 1034 indulgentissimae
750 949 945 1033 paternitati
957 969 1016 1012 nos
1029 949 1216 1012 accusando

163 1055 380 1128 confitemur3
402 1062 574 1138 sperantes
590 1054 631 1117 de
649 1053 743 1117 vobis
755 1054 790 1114 in
802 1053 958 1127 Domine,
972 1061 1020 1127 ut,
1034 1054 1217 1137 apostolica

164 1166 276 1223 vestra
292 1159 490 1222 auctoritate
507 1157 663 1232 absoluti,
679 1157 853 1242 justificari
870 1177 1062 1220 mereamur.

208 1263 304 1326 Eheu
320 1263 489 1326 criminosi
505 1284 564 1326 nos
581 1270 615 1326 et
630 1262 793 1336 infelices
810 1262 931 1345 partim
945 1261 1110 1345 ‘pueritiae
1127 1260 1218 1323 blan-

164 1367 287 1431 dientis
311 1367 538 1442 instinctione,
558 1368 680 1450 partim
703 1367 923 1449 potestativae
948 1373 1079 1428 nostrae
1104 1371 1138 1428 et
1160 1366 1218 1427 im-

163 1472 310 1556 periosae
327 1473 495 1554 potentiae
508 1472 672 1546 libertate,
687 1472 810 1555 partim
823 1471 924 1534 etiam
934 1491 1059 1544 eorum,
1073 1490 1216 1552 quorum

163 1575 344 1640 seductiles
377 1577 518 1638 nimium
553 1577 660 1639 secuti
694 1597 810 1639 sumus
849 1575 997 1648 consilia,
1029 1573 1217 1637 seductoria

164 1680 358 1764 deceptione
386 1681 597 1764 peccavimus
624 1681 659 1743 in
686 1681 818 1744 coelum
845 1686 880 1743 et
906 1699 1015 1741 coram
1039 1677 1151 1752 vobis3
1184 1686 1218 1741 et

162 1784 230 1868 jam
246 1784 340 1869 digni
356 1806 423 1847 non
440 1806 555 1848 sumus
572 1785 746 1848 vocatione
764 1792 894 1848 vestrae
915 1782 1091 1846 filiationis.
1141 1781 1217 1844 Non

163 1889 272 1951 solum
303 1889 392 1952 enim
423 1909 482 1952 nos
514 1910 565 1952 res
596 1889 838 1953 ecclesiasticas
866 1891 1060 1965 invasimus
1089 1910 1216 1961 verum,

164 2014 298 2077 quoque
315 1991 463 2076 indignis
480 1992 601 2075 quibus
620 1993 704 2056 libet
727 2002 761 2056 et
785 1995 975 2076 symoniaco
999 1993 1078 2057 felle
1103 1994 1219 2055 amari-

163 2097 247 2160 catis
257 2103 291 2159 et
303 2117 370 2158 non
381 2096 553 2179 perotium
566 2096 625 2159 sed
637 2095 771 2160 aliunde
785 2096 1051 2182 ingredientibus
1061 2097 1217 2159 ecclesias

163 2201 251 2284 ipsas
268 2198 492 2274 vendidimus,
509 2208 544 2263 et
559 2221 626 2262 non
643 2221 696 2263 eas
715 2208 753 2263 ut
769 2201 918 2283 oportuit
934 2198 1155 2263 defendimus

208 2304 259 2366 At
273 2325 374 2379 nunc,
392 2304 471 2387 quia
488 2304 552 2367 soli
568 2304 692 2387 absque
710 2311 821 2368 vestra
837 2304 1037 2367 auctoritate
1061 2304 1216 2366 ecclesias

165 2409 328 2493 corrigere
346 2428 412 2470 non
438 2429 624 2490 possumus,
641 2430 742 2492 super
764 2395 825 2482 his,
842 2414 882 2470 ut
905 2409 1003 2471 etiarn
1029 2407 1069 2471 de
1094 2409 1216 2471 nostris

165 2511 328 2586 omnibus
346 2519 495 2575 vestrum
510 2533 579 2575 una
595 2519 629 2576 et
651 2513 828 2576 consilium
851 2519 886 2576 et
908 2512 1071 2575 auxilium
1096 2511 1216 2576 obnixe
1304 2502 1312 2517 ’

165 2617 374 2700 quaerimus3
398 2622 549 2680 vestrum
564 2616 805 2680 studiosissime
822 2623 1037 2700 praeceptum
1052 2617 1218 2680 servaturi

164 2721 199 2782 in
228 2718 391 2783 omnibus.
437 2718 483 2783 Et
510 2741 599 2784 nunc
628 2721 664 2782 in
692 2721 808 2804 primis
835 2742 894 2804 pro
921 2721 1062 2784 ecelesia
1092 2719 1219 2783 Medio-

164 2825 303 2899 lanensi,
328 2845 420 2909 quae*
437 2832 551 2888 nostra
575 2825 673 2909 culpa
696 2831 747 2888 est
769 2826 804 2886 in
828 2846 947 2898 errore,
971 2845 1146 2908 rogamus:
1179 2832 1218 2888 ut

122 2964 124 2969 ·
150 2936 276 2993 ‘vestra
303 2929 485 3012 apostolica
517 2929 726 2993 districtione
759 2930 916 2993 canonice
948 2930 1152 3014 corrigatur3
1184 2937 1218 2992 et

164 3032 285 3097 exinde
307 3032 351 3096 ad
373 3040 518 3097 caeteras
543 3032 758 3119 corrigendas
782 3034 972 3097 autoritatis
994 3040 1124 3097 vestrae
1149 3055 1219 3096 sen-

164 3138 270 3201 tentia
296 3138 538 3224 progrediatur.
585 3137 653 3202 Nos
681 3160 760 3224 ergo
784 3138 877 3201 vobis
905 3138 940 3199 in
967 3137 1120 3200 omnibus
1145 3137 1217 3200 Deo

164 3242 297 3306 volente
314 3264 381 3305 non
403 3242 628 3317 defuerimus3
651 3249 807 3327 rogantes
831 3242 865 3305 id
888 3243 998 3326 ipsum
1022 3241 1218 3325 suppliciter

164 3348 401 3430 paternitatem
424 3356 579 3422 vestram,
603 3354 643 3410 ut
665 3347 759 3410 nobis
783 3346 901 3409 alacris
925 3345 1013 3408 adsit
1038 3345 1219 3408 clementer

164 3452 199 3512 in
215 3437 377 3514 omnibus.
425 3451 569 3536 Litteras
585 3458 714 3515 nostras
734 3472 801 3513 non
824 3457 900 3534 post
922 3451 1060 3534 longum
1084 3456 1217 3531 tempus

164 3575 241 3616 curn
252 3552 453 3619 fidelissimis
465 3557 586 3619 nostris
599 3554 762 3619 habebitis
775 3578 784 3630 3
808 3576 849 3618 ex
862 3553 984 3638 quibus
996 3561 1118 3629 nostra,
1132 3573 1217 3636 quae

164 3657 273 3722 adhuc
291 3658 432 3722 dicenda
448 3666 585 3736 restant,
603 3659 665 3724 deo
681 3658 782 3722 dante
798 3659 930 3743 plenius
947 3656 1100 3721 audietis.
