2768 4268
211 905 412 988 sunnon
453 905 768 987 MEDIAEVAL
807 903 1162 989 DOOUMENTS.

580 1161 794 1202 -οοὲοςοο-

319 1365 346 1429 Ι.
379 1365 476 1430 ΤΗΕ
510 1363 839 1430 OAROLINGIAN
872 1362 1060 1429 PERIOD.

621 1543 757 1568 ——000-—n

377 1683 451 1744 THE
473 1680 664 1743 uoufflou
687 1680 731 1742 of
753 1681 886 1761 PIPPIII
905 1682 998 1747 (756).

351 1828 506 1889 [numano
523 1829 597 1874 noer
608 1827 773 1883 Pontianus,
783 1828 844 1874 vua
855 1827 976 1887 Stephani
987 1825 1031 1887 n]

208 1973 298 2037 Dum
316 1995 394 2037 vero
416 1970 586 2035 antefatus
606 1970 864 2056 benignissimus
887 1970 1051 2055 Pippinus
1075 1970 1218 2036 Franco·

163 2100 237 2142 rum
258 2098 317 2140 rex
338 2075 477 2161 Papiam
493 2074 648 2139 obsidens
665 2076 911 2161 constringeret
935 2076 1117 2152 civit-atem,
1134 2082 1216 2140 tunc

164 2181 337 2246 Aistulfus
360 2180 586 2244 atrocissimus
609 2200 669 2243 rex
695 2178 991 2265 Langobardorum
1018 2187 1057 2242 ut
1084 2181 1216 2244 veniam
1259 2161 1263 2166 ’

163 2288 212 2350 illi
236 2286 400 2350 tribueret
423 2293 457 2350 et
481 2305 564 2369 quas
583 2284 675 2368 prius
697 2291 943 2368 contempserat
963 2285 1165 2369 conscriptas
1181 2284 1217 2347 in

164 2391 252 2475 pacti
275 2389 407 2453 foedere
432 2388 570 2453 reddere
595 2388 748 2452 civitates
773 2409 808 2452 se
832 2386 939 2451 modis
967 2387 1121 2451 omnibus
1145 2409 1218 2471 pro·

163 2494 271 2559 fessus
288 2502 340 2558 est
360 2493 583 2558 redditurum.
631 2492 676 2555 Et
699 2491 810 2555 denuo
834 2491 1028 2555 confirmato
1052 2492 1216 2556 anteriore

163 2607 261 2683 pacto
288 2599 347 2682 qui
374 2620 432 2681 per
458 2597 603 2680 elapsam
632 2595 720 2659 VIII
748 2595 966 2660 indictionem
991 2596 1080 2660 inter
1106 2602 1218 2680 partes

163 2709 372 2787 provenerat,
399 2702 549 2765 restituit
580 2701 668 2784 ipsas
701 2701 865 2783 praelatas
898 2701 1062 2776 civitatee,
1091 2699 1218 2765 addens

163 2814 198 2871 et
221 2813 367 2870 castrum
390 2806 448 2888 qui
472 2805 729 2889 cognominatur
754 2802 973 2868 Comiaclum.
1021 2804 1072 2868 De
1096 2803 1218 2888 quibus

164 2910 317 2973 omnibus
333 2909 475 2992 receptis
491 2907 683 2971 civitatibus
700 2908 914 2973 donationem
927 2909 962 2971 in
975 2908 1108 2991 scriptis
1120 2907 1218 2972 beato

164 3014 266 3078 Petro
290 3021 392 3096 atque
417 3020 530 3075 sancte
557 3012 704 3076 Romane
733 3012 893 3076 ecclesiae
920 3012 975 3076 vel
999 3011 1152 3075 omnibus
1182 3013 1218 3075 in

163 3124 364 3204 perpetuum
386 3114 600 3199 pontificibus
621 3115 802 3199 apostolice
822 3114 910 3179 sedis
926 3115 1039 3179 emisit
1053 3114 1220 3200 possiden·

164 3222 242 3296 das3
274 3242 339 3306 que
366 3228 400 3284 et
426 3241 533 3303 usque
561 3227 699 3283 actenus
722 3219 758 3282 in
781 3219 917 3283 archivo
944 3225 1059 3283 sancte
1087 3225 1219 3284 nostrae

164 3327 321 3391 ecelesiae
337 3323 508 3388 recondita
525 3332 670 3388 tenetur.

208 3429 265 3493 Au
281 3427 487 3512 recipiendas
504 3449 583 3492 vero
599 3428 687 3512 ipsas
708 3427 862 3492 civitates
884 3427 975 3492 misit
997 3427 1067 3511 ipse
1092 3426 1220 3491 christi-

164 3535 341 3599 anissimus
358 3532 563 3597 Francorum
579 3554 636 3596 rex
653 3553 752 3596 suum
768 3532 1006 3606 consiliarium,
1023 3530 1059 3594 id
1074 3538 1126 3596 est
1141 3529 1169 3593 F
1171 3530 1221 3594 ul·

164 3638 292 3714 radum,
312 3637 534 3702 venerabilem
558 3636 710 3700 abbatem
726 3643 761 3700 et
777 3635 1006 3719 presbiterum,
1022 3634 1168 3709 absolsit,
1184 3641 1220 3698 et

165 3742 326 3807 continuo
352 3741 424 3806 eius
451 3741 626 3804 eximietas
650 3738 794 3804 feliciter
818 3761 895 3803 oum
921 3740 990 3802 suis
1017 3737 1224 3803 exercitibus

1057 3856 1083 3908 (ὃ
