2768 4268
406 345 481 390 rflu
503 344 804 390 HOHENSTAUFEN
828 343 974 389 PERIOD.
1178 323 1218 387 91

164 513 347 578 rectoribus
364 514 443 578 oleri
459 513 601 576 Romani
623 535 662 576 ao
686 513 814 576 clericis
839 510 880 575 de
903 533 964 575 sua
987 510 1168 575 cardinalia
1190 510 1219 573 si

165 618 287 681 domno
305 617 437 681 Victori
453 626 541 681 esset
556 616 788 691 obediendum,
806 637 959 700 expresse
976 615 1148 679 confessus
1168 622 1220 678 est

164 744 198 785 se
215 743 400 805 numquam
416 720 519 785 fuisse
537 722 762 784 immantatum
779 727 814 784 et
836 741 991 803 expresse
1015 719 1121 783 dixit:
1147 719 1217 784 ‘Ite

164 835 199 891 et
226 825 358 889 obedite
386 827 426 900 ei,
451 847 552 908 quem
578 826 803 887 inmaritatunr
826 846 897 888 esse
920 823 1064 888 videtis’
1112 821 1219 907 Super

164 930 216 993 his
232 930 388 1013 capitulis
404 929 543 992 fuerunt
559 936 662 992 testes
679 936 713 992 et
728 921 893 991 sub'stola
913 929 1011 992 tactis
1033 949 1220 991 sacrosanc-

165 1035 208 1097 tis
232 1034 439 1119 euvangeliis
465 1035 665 1118 jnraverunt
690 1032 832 1096 domnus
857 1031 979 1096 Petrus
1005 1032 1218 1095 Christianus

165 1137 311 1202 decanus
342 1137 497 1201 basilicae
529 1137 617 1201 beati
648 1137 742 1201 Petri
773 1145 807 1200 et
840 1137 876 1199 in
911 1158 1050 1220 persona
1087 1158 1148 1200 sua
1184 1144 1219 1200 et

165 1243 315 1306 omnium
328 1241 470 1305 fratrum
486 1263 634 1305 suorum.
677 1242 886 1305 duraverunt
901 1243 1002 1305 etiam
1015 1240 1218 1304 venerabiles

164 1346 430 1430 archipresbiteri
447 1353 482 1409 et
497 1354 640 1410 rectores
657 1347 737 1410 oleri
755 1347 897 1409 Romani
914 1346 1048 1408 Blasius
1061 1353 1095 1409 et
1108 1344 1220 1408 Mane-

164 1452 244 1526 rius,
268 1451 431 1535 presbiter
454 1450 634 1525 JolianneS,
658 1449 820 1534 presbiter
844 1449 1000 1524 Gentilis,
1018 1449 1218 1512 Aimeradus

164 1554 429 1638 archipresbiter,
454 1554 604 1618 Beradus
631 1553 896 1637 archipresbiter,
919 1553 1089 1617 Jolrannes
1116 1553 1220 1616 archi-

165 1659 337 1742 presbiter,
352 1657 556 1720 Benedictus
570 1657 739 1732 diaconus,
751 1659 910 1742 magister
920 1657 1099 1720 Tolomeus
1116 1657 1220 1720 archi·

165 1761 338 1847 presbiter,
355 1763 512 1846 magister
529 1760 699 1825 Gerardus
715 1769 750 1825 et
765 1761 935 1845 Nyoolaus
951 1771 986 1825 et
1008 1762 1065 1824 alii
1086 1761 1219 1824 honesti
1308 1757 1317 1780 ‘

165 1867 275 1928 clerici
294 1866 445 1928 Romani.
491 1865 648 1929 Preterea
664 1865 786 1928 Petrus
806 1866 947 1929 illustris
972 1865 1072 1929 Urbis
1095 1865 1221 1950 prefec-

166 1977 230 2044 tuS,
260 1968 448 2053 Stephanus
476 1968 516 2032 de
546 1969 729 2043 Thebaldo,
758 1968 947 2053 Stephanus
979 1969 1218 2045 NortrnarrnuS‚

167 2073 358 2137 Gimundus
372 2072 412 2137 de
430 2073 528 2137 domo
546 2073 638 2137 Petri
655 2073 787 2149 Leonis,
801 2073 822 2135 J
825 2074 973 2137 ohannes
990 2073 1031 2138 de
1049 2072 1219 2157 Stephano

165 2179 280 2243 etalii
303 2179 469 2263 principes
493 2186 528 2242 et
551 2179 677 2242 nobiles
702 2179 930 2261 Romani,qui
950 2178 1219 2243 advocationem

164 2284 367 2347 serenissimi
391 2284 599 2368 imperatoris
623 2290 795 2359 venerant,
820 2284 855 2345 in
878 2291 1060 2366 conspectu
1086 2284 1218 2346 concilii

165 2410 264 2472 super
279 2389 345 2472 jam
362 2387 461 2451 dictis
477 2388 633 2472 capitulis
650 2409 691 2451 ex
709 2389 854 2451 maxima
870 2397 963 2471 parte
988 2388 1219 2451 testimonium

164 2492 319 2555 similiter
340 2492 583 2575 perhibuerunt
609 2499 644 2555 et
669 2492 779 2577 jurare
808 2493 1000 2556 voluerunt.
1047 2490 1113 2554 Sed
1139 2493 1220 2574 quia

165 2617 225 2659 nos
242 2596 485 2680 relligiosorum
501 2596 761 2679 presbiterorum
785 2597 967 2659 multorum
991 2597 1219 2659 testimonium

165 2699 333 2762 sufficiens
350 2706 385 2762 et
400 2699 747 2763 habundantissimam
763 2700 974 2774 habebamus
990 2699 1149 2763 duximus
1165 2700 1222 2762 lai·

166 2803 213 2865 cis
226 2803 259 2864 in
274 2803 335 2866 hac
348 2811 441 2886 parto
454 2802 670 2887 parcendum.
711 2804 842 2867 Deinde
855 2803 1062 2868 venerabiles
1074 2804 1220 2888 episcopi

168 2906 394 2970 Herimaunus
412 2906 599 2982 Ferrlensis,
616 2907 737 2971 Daniel
755 2908 935 2993 Brageusis
952 2917 987 2972 et
1004 2907 1087 2971 Otto
1105 2909 1222 2992 palati·

166 3032 229 3073 nus
247 3032 356 3074 comes
372 3020 407 3075 et
422 3012 580 3096 magister
598 3011 796 3074 Heribertus
812 3013 1010 3096 prepositus,
1027 3033 1111 3095 quos
1132 3011 1222 3074 dom·

166 3135 230 3177 nus
243 3116 423 3198 imperator
435 3137 477 3178 ex
490 3116 630 3178 consilio
644 3115 686 3177 22
699 3116 929 3199 episcoporum
941 3125 976 3180 et
988 3115 1220 3179 Cisteroiensis

166 3227 200 3282 et
217 3218 475 3282 Clarevallensis
492 3220 648 3283 abbatum
661 3220 869 3303 aliorumque
883 3220 1127 3305 relligiosorum
1138 3227 1220 3283 tuno

166 3323 372 3406 presentium
391 3323 530 3386 Romam
550 3322 772 3409 delegaverat,
788 3331 829 3386 ut
851 3331 962 3406 partes
985 3332 1063 3387 ante
1087 3323 1220 3387 concilii

166 3428 365 3510 presentiam
384 3426 522 3511 Papiam
538 3436 727 3502 evocarent,
743 3429 778 3489 iu
798 3435 979 3511 conspectu
1003 3428 1136 3490 concilii
1159 3436 1223 3490 tes-

166 3532 345 3594 timonium
373 3531 623 3615 perhibuerunt,
648 3531 740 3614 quod
772 3531 961 3595 Rolandum
986 3532 1220 3595 cancellarium

167 3643 202 3698 et
219 3643 346 3719 partem
363 3636 435 3719 ejus
451 3636 549 3699 trinis
573 3634 691 3699 edictis
714 3657 774 3720 per
796 3636 976 3700 intervalla
998 3637 1219 3720 peremptorie

167 3748 202 3801 et
217 3740 448 3823 sollempniter
462 3739 506 3803 ad
521 3741 721 3824 presentiam
737 3741 916 3804 aecclesiae
939 3740 1063 3823 Papiae
1087 3761 1222 3825 congre·
