2768 4268
429 324 504 371 run
525 324 782 373 onnonrnornn
805 325 952 373 rnnron
1173 305 1214 372 11

160 494 296 581 genitor
318 493 483 579 Pippinus
510 493 681 578 quondam
705 515 763 558 rex
789 494 918 578 etipse
943 492 1218 578 praecellentissi-
1250 515 1252 520 ·

163 621 237 663 mus
269 598 412 662 Carulus
444 619 520 662 cum
551 619 612 662 suo
642 619 802 684 germano
835 596 1083 662 Caruiomanno
1113 605 1215 681 atque

162 703 316 767 omnibus
343 701 510 766 iudicibus
534 701 738 766 Francorum
762 702 913 767 fecerant
936 701 1033 766 beato
1057 701 1159 766 Petro
1182 709 1217 766 et

162 809 235 871 eius
252 808 376 871 vicario
397 814 531 870 sanctae
553 808 730 871 memoriae
755 805 877 870 domno
901 805 1072 891 Stephano
1095 807 1217 870 iuniori

163 932 278 996 papae,
292 910 428 995 quando
442 910 617 975 Franciam
630 911 788 995 perrexit,
802 933 861 996 pro
873 910 1095 975 concedendis
1112 911 1218 975 diver-

162 1017 208 1079 sis
229 1014 423 1079 civitatibus
444 1037 482 1079 ac
505 1016 683 1080 territoriis
706 1016 802 1079 istius
827 1015 944 1079 Italiae
967 1016 1158 1099 provinciae
1183 1024 1217 1079 et

164 1119 400 1184 contradendis
427 1118 525 1184 beato
552 1119 655 1184 Petro
677 1121 816 1204 eiusque
845 1119 998 1183 omnibus
1024 1119 1157 1183 vicariis
1182 1120 1216 1180 in

164 1231 363 1309 perpetuum
386 1224 605 1308 possidendis
628 1224 827 1308 adimpleret
850 1224 885 1286 in
909 1222 1072 1287 omnibus.
1119 1222 1218 1286 Oum-

163 1350 230 1413 que
247 1328 352 1412 ipsam
368 1329 632 1412 promissionem,
649 1350 734 1413 quae
753 1328 891 1392 Francia
907 1329 942 1391 in
958 1328 1032 1392 loco
1049 1329 1108 1411 qui
1126 1349 1218 1391 voca-

164 1441 221 1496 tur
234 1432 403 1497 Carisiaco
419 1432 509 1496 faeta
525 1440 586 1509 est,
598 1432 661 1496 sibi
677 1433 781 1518 relegi
797 1432 942 1508 fecisset,
956 1432 1218 1516 complacuerunt

165 1537 215 1599 illi
231 1545 266 1600 et
287 1538 358 1600 eius
379 1536 546 1600 iudicibus
569 1537 680 1600 onmia
702 1558 788 1620 quae
812 1535 935 1599 ibidem
958 1543 1055 1599 erant
1077 1535 1217 1599 adnexa.

166 1641 212 1704 Et
227 1642 360 1724 propria
376 1640 562 1716 voluntate,
574 1639 661 1703 bono
677 1661 714 1703 ac
730 1639 849 1702 libenti
866 1640 986 1714 animo,
999 1640 1098 1702 aliam
1120 1639 1219 1701 dona-

164 1745 267 1808 tionis
283 1744 536 1827 promissionem
552 1743 596 1807 ad
614 1744 720 1807 instar
739 1743 913 1806 anterioris
935 1743 1004 1827 ipse
1028 1742 1218 1806 antedictus

166 1848 504 1932 praecellentissimus
535 1854 570 1912 et
600 1869 715 1912 revera
746 1827 1042 1912 christianissimus
1074 1846 1219 1911 Carulus

167 1951 372 2016 Francorum
399 1973 459 2015 rex
487 1950 629 2015 adscribi
659 1951 758 2015 iussit
787 1972 847 2035 per
877 1950 1064 2025 Etherium
1089 1951 1221 2035 reiigio-

164 2077 240 2120 sum
257 2076 294 2119 ac
310 2054 608 2140 prudentissimum
631 2056 834 2139 capillanum
856 2062 890 2118 et
911 2055 1079 2118 notarium
1099 2076 1219 2128 snum;

166 2160 223 2224 ubi
240 2161 404 2224 concessit
419 2159 552 2224 easdem
571 2160 726 2224 civitates
750 2167 784 2223 et
807 2159 974 2223 territoria
996 2158 1093 2222 beato
1117 2158 1219 2222 Petro

164 2286 288 2348 easque
305 2263 455 2348 praefato
471 2263 621 2348 pontifici
634 2263 788 2328 contradi
803 2262 986 2348 spopondit
998 2284 1058 2346 per
1070 2261 1221 2347 designa-

167 2377 239 2432 tum
271 2367 462 2444 confinium,
494 2369 583 2433 sicut
616 2369 652 2431 in
686 2367 802 2432 eadem
836 2366 1016 2431 donatione
1049 2368 1219 2430 continere

167 2480 381 2548 monstratur,
398 2472 433 2535 id
449 2479 517 2548 est3
541 2494 560 2536 a
577 2472 681 2535 Lunis
704 2493 780 2536 cum
804 2472 915 2535 insula
939 2470 1083 2545 Corsica,
1100 2469 1220 2534 deinde

166 2577 202 2639 in
218 2575 369 2651 Suriano,
387 2575 507 2641 deinde
524 2577 557 2638 in
575 2584 689 2639 monte
706 2574 871 2651 Bardone‚
889 2574 923 2637 id
942 2582 992 2638 est
1012 2575 1047 2636 in
1064 2574 1220 2649 Vercet0‚

167 2679 286 2743 deinde
304 2682 338 2742 in
355 2680 484 2755 Parma,
498 2679 620 2744 deinde
637 2681 672 2742 in
689 2680 814 2765 Regi03
838 2686 873 2744 et
889 2679 1009 2742 exinde
1026 2680 1062 2741 in
1078 2678 1222 2741 Mantua

165 2792 268 2866 atque
286 2783 403 2848 Monte
420 2783 541 2857 Silicis,
557 2784 725 2866 simulque
742 2790 777 2846 et
793 2784 987 2847 universum
1005 2782 1221 2847 exarchatum

168 2887 450 2962 Ravennantium‚
474 2888 562 2950 sieut
586 2888 774 2970 antiquitus
800 2895 882 2962 erat,
906 2896 1007 2971 atque
1032 2887 1221 2971 provincias

118 3067 125 3078 x
168 2990 388 3054 Venetiarum
401 2998 435 3054 et
447 2991 565 3064 Istria3
589 3012 720 3055 necnon
734 2997 768 3054 et
780 2998 941 3054 cunctum
955 2991 1131 3054 ductatum
1144 2989 1224 3073 Spo-

167 3095 304 3157 litirrum
322 3116 382 3158 seu
395 3094 682 3158 Beneventanum.
722 3093 894 3178 Factaque
911 3094 1026 3158 eadem
1042 3093 1222 3157 donatione

166 3207 203 3262 et
218 3200 350 3282 propria
369 3219 431 3262 sua
449 3219 552 3261 manu
573 3220 646 3261 eam
668 3199 739 3281 ipse
763 3198 1058 3262 christianissimus
1083 3198 1225 3261 Franco-

167 3325 241 3365 rum
269 3325 327 3366 rex
355 3324 428 3367 eam
454 3302 649 3377 comburis,
674 3304 847 3366 universos
876 3303 1058 3385 episcopos,
1080 3301 1223 3377 abbates

167 3407 270 3470 duces
287 3410 388 3471 etiam
404 3415 438 3472 et
454 3407 618 3493 grafiones
635 3407 669 3468 in
687 3428 725 3470 ea
738 3405 882 3469 adscribi
893 3405 993 3479 iecit3
1019 3427 1120 3489 quam
1132 3407 1223 3489 prius

166 3532 268 3594 super
286 3512 389 3575 altare
413 3511 501 3575 beati
526 3510 617 3574 Petri
641 3518 676 3574 et
698 3508 912 3594 postmodum
935 3510 1027 3574 intus
1051 3511 1086 3571 in
1109 3517 1225 3572 sancta

167 3615 239 3678 eius
252 3615 457 3679 confessione
471 3624 644 3699 ponentes
655 3624 725 3679 tam
737 3615 807 3698 ipse
822 3613 1026 3677 Francorum
1040 3636 1099 3677 rex
1113 3634 1226 3697 quam-

168 3740 234 3802 que
252 3720 323 3782 eius
340 3719 476 3793 iudices
493 3718 589 3783 beato
607 3718 707 3782 Petro
729 3725 763 3782 et
784 3719 856 3782 eius
873 3719 997 3782 vicario
1013 3702 1225 3782 sanctissimo
