2768 4268
291 346 427 393 Pnnron
450 347 496 392 or
518 348 592 392 rna
615 347 857 420 rnnneonmu
882 349 1085 396 suanacas.
1172 333 1215 397 59

161 522 219 580 vet
241 524 275 579 et
297 515 379 578 haee
400 523 516 579 sancta
535 515 738 602 evangelia]
788 515 916 580 Actum
940 516 1097 602 Ciperani
1115 518 1134 581 3
1152 519 1216 582 Ka·

161 618 277 682 lendas
295 618 315 681 J
319 619 390 681 ulii.

510 806 552 887 b)
582 803 646 867 The
662 803 867 868 Investiture.

206 962 279 1049 Ego
312 960 495 1045 Gregorius
525 980 612 1042 papa
642 960 786 1023 investio
817 968 861 1034 te,
888 960 1032 1025 Roberte
1063 961 1144 1038 dux,
1173 964 1213 1026 de

161 1071 258 1137 terra,
275 1083 377 1146 quam
398 1061 459 1124 tibi
482 1068 720 1124 concesserunt
743 1068 967 1124 antecessores
990 1062 1055 1125 mei
1078 1072 1214 1126 sanctae

162 1168 338 1230 memoriae
356 1165 513 1228 Nicolaus
530 1172 564 1227 et
581 1162 786 1227 Alexander.
833 1164 884 1228 De
901 1165 960 1229 illa
979 1174 1092 1230 autem
1116 1174 1214 1243 terra,

162 1293 263 1354 quam
280 1271 402 1353 injuste
419 1277 523 1344 tenes
536 1269 626 1332 sieut
641 1277 692 1331 est
709 1267 867 1331 Salernus
884 1276 918 1333 et
931 1270 1076 1333 Amalfia
1088 1279 1123 1335 et
1139 1292 1215 1354 pars

111 1407 113 1410 ⁴
162 1375 327 1438 marchiae
347 1374 512 1445 Firmano,
529 1394 619 1435 nuuc
643 1379 676 1435 te
700 1374 867 1456 patienter
888 1375 1037 1437 sustineo
1060 1375 1096 1436 in
1120 1375 1217 1438 confi·

162 1478 277 1542 ilcntia
294 1478 357 1541 Dei
373 1477 611 1559 omnipotentis
628 1484 663 1539 et
678 1484 755 1539 tuae
773 1476 951 1540 bonitatis:
975 1484 1015 1540 ut
1038 1485 1076 1541 tu
1099 1487 1216 1562 postea

162 1581 284 1644 exinde
310 1580 352 1643 ad
377 1581 535 1642 honorem
561 1579 625 1641 Dei
650 1587 685 1642 et
709 1581 815 1642 sancti
842 1579 934 1642 Petri
958 1581 1005 1643 ita
1029 1590 1060 1645 te
1084 1582 1215 1657 habeas,

163 1686 251 1747 sicut
266 1692 301 1747 ct
317 1691 349 1746 te
366 1704 463 1769 agere
480 1690 514 1745 et
529 1703 582 1745 me
598 1683 765 1765 suscipere
783 1681 880 1746 decet
894 1684 966 1748 sine
982 1685 1134 1768 periculo
1150 1687 1217 1749 ani-

163 1808 235 1851 mae
252 1796 330 1850 tuae
347 1794 382 1850 et
398 1807 496 1849 meae.
545 1785 672 1848 Actum
689 1793 728 1848 ut
743 1785 866 1869 supra.1

379 2088 416 2168 c)
448 2084 511 2148 The
535 2084 654 2169 Yearly
675 2083 803 2149 Tribute
828 2085 999 2173 [Peracto]

208 2242 281 2327 Ego
305 2240 482 2315 Robertus‚
499 2240 563 2304 Dei
584 2241 692 2325 gratia
716 2247 751 2303 et
772 2241 880 2303 sancti
906 2241 999 2304 Petri
1016 2242 1163 2326 Apuliae
1181 2253 1216 2307 et

163 2346 337 2410 Calabriae
354 2353 389 2409 et
405 2344 536 2408 Siciliae
553 2342 633 2418 dux,
650 2342 694 2434 ad
716 2344 1003 2408 confirmationem
1026 2346 1215 2410 traditionis

162 2459 197 2514 et
213 2449 256 2514 ad
271 2449 532 2534 recognitionem
548 2447 721 2511 fidelitatis
740 2446 781 2512 de
801 2450 891 2511 omni
914 2457 1011 2524 terra,
1029 2472 1129 2533 quam
1153 2473 1215 2536 ego

162 2563 261 2618 teneo
286 2554 418 2638 proprie
444 2552 506 2616 sub
530 2550 677 2615 dominio
704 2573 787 2627 mec,
813 2560 847 2616 et
872 2574 972 2636 quam
997 2553 1105 2617 adhuc
1129 2556 1216 2618 nulli

163 2659 488 2722 ultramontanorum
511 2656 558 2718 ita
581 2657 729 2719 concessi
752 2664 792 2719 ut
814 2664 937 2732 teneat,
961 2660 1139 2741 promitto:
1164 2681 1215 2723 me

163 2762 354 2826 annualiter
376 2782 435 2844 pro
459 2780 662 2843 unoquoque
693 2760 773 2845 jugo
796 2759 896 2823 boum
919 2763 1115 2845 pensionem
1138 2762 1217 2826 duo·

163 2865 272 2930 decim
287 2865 417 2928 scilicet
429 2863 582 2927 denarios
599 2862 772 2946 Papiensis
791 2872 951 2939 monetae,
965 2867 1216 2948 persoluturum

162 2969 260 3034 beato
278 2969 378 3032 Petro
395 2974 430 3031 et
446 2966 506 3030 tibi
523 2967 658 3029 domino
675 2989 748 3030 meo
765 2965 927 3053 Gregorio
944 2991 1047 3052 papae
1064 2978 1099 3034 et
1115 2972 1217 3033 omni-

162 3074 224 3138 bus
240 3072 485 3136 successoribus
502 3071 580 3145 tuis,
597 3079 656 3133 aut
672 3071 739 3133 tuis
755 3078 815 3134 aut
830 3093 1058 3135 successorum
1080 3081 1216 3137 tuorum

163 3179 306 3241 nunciis
339 3176 452 3260 Hujus
468 3183 581 3238 autern
596 3175 824 3257 pensionariae
842 3174 1038 3239 redditionis
1055 3179 1118 3240 erit
1133 3200 1217 3240 sem-

163 3305 222 3367 per
238 3281 410 3354 terminus,
427 3279 522 3341 finito
540 3299 674 3361 quoque
691 3299 788 3352 anno,
805 3287 939 3342 sanctae
963 3282 1215 3345 resurrectionis

164 3386 234 3449 dies
262 3385 458 3447 dominicus.
504 3381 574 3445 Sub
601 3382 662 3445 hac
687 3402 767 3445 vero
794 3382 989 3447 condicione
1018 3384 1119 3468 hujus
1146 3407 1217 3469 per·

163 3488 323 3554 solvende
343 3488 509 3572 pensionis
530 3486 641 3570 obligo
661 3507 712 3549 mc
731 3493 765 3548 et
788 3507 876 3549 meos
900 3488 970 3550 sive
991 3487 1129 3552 heredes
1145 3490 1215 3552 sive

209 3671 264 3720 ¹1n
285 3662 349 3718 1156
369 3670 490 3718 Hadrian
516 3670 563 3716 IV.
588 3668 714 3716 iuvested
738 3668 859 3716 Williaur
881 3669 950 3716 with
972 3669 1120 3731 following
1144 3683 1217 3718 cere·

164 3767 263 3815 mour:
296 3751 474 3815 [ll'attcrlch¹
488 3751 572 3799 Vitae
585 3750 663 3798 Rom.
678 3749 782 3798 Pontis.
797 3750 832 3798 11.
846 3751 916 3814 35l.]
