2768 4268
404 345 478 391 ran
502 345 801 392 nonnasraunmv
824 346 969 393 aaaron.
1150 330 1212 395 131

162 517 258 581 velut
284 514 495 580 effeminatus
521 515 734 598 mancipavit,
757 513 928 598 predictus
952 537 1038 600 papa
1062 538 1214 601 proceres

163 643 246 704 quos
273 621 367 705 prius
391 620 556 683 sust-iuuit
582 627 617 683 et
641 620 857 695 excitaverat,
884 622 1070 705 postposito
1097 622 1215 686 mundi

162 725 288 809 pudore
312 723 516 808 Dominique
539 724 668 800 timore,
690 724 902 788 conculcavit
924 727 1023 789 morti
1046 727 1215 810 expositos

163 837 197 893 et
213 827 446 893 miserabiliter
462 827 711 893 exheredandos
729 836 767 891 ut
786 850 875 892 more
899 850 1034 892 romano
1057 839 1214 914 protervo

163 933 257 997 hiatu
285 932 377 1016 quod
403 933 562 1018 pinguius
589 940 670 1007 erat,
695 932 778 1017 proh
801 931 914 996 dator!
946 933 1155 1010 absorberet;
1180 944 1215 1000 et

163 1037 290 1101 iactum
307 1045 358 1101 est
373 1036 465 1120 quod
480 1038 640 1101 incitante
659 1038 882 1100 Romanorum
898 1039 1038 1101 avaritia
1061 1041 1214 1123 princeps

163 1142 410 1226 provinciarum
426 1142 516 1207 facta
532 1150 582 1207 est
597 1142 660 1205 sub
677 1143 810 1206 tributo.
860 1142 946 1207 Ecce
968 1165 1075 1208 mores
1099 1145 1216 1207 Roma-

163 1268 292 1321 norum,
309 1268 384 1311 ecce
400 1247 511 1332 laquei
527 1247 732 1331 prelatorum
753 1246 875 1330 quibus
899 1247 1071 1312 universos
1095 1255 1130 1312 et
1152 1251 1216 1311 sin-

162 1353 260 1438 gulos
290 1360 437 1436 querunt
467 1353 659 1436 illaqueare,
691 1373 844 1415 nummos
876 1374 1066 1438 emungere,
1094 1353 1215 1418 liberos

162 1457 351 1543 subjugare,
379 1456 532 1540 pacificos
559 1457 757 1541 inquietare,
785 1456 970 1520 investibus
998 1460 1112 1522 ovium
1139 1481 1216 1522 cum

163 1563 231 1624 sint
248 1562 447 1624 intrinsecus
469 1561 540 1645 lupi
564 1582 716 1644 rapaces3
741 1561 868 1646 legatos
892 1560 957 1624 huc
982 1571 1016 1626 et
1038 1563 1119 1626 illuc
1144 1565 1217 1628 mit

79 1744 81 1748 ,
164 1677 283 1741 tentes
300 1668 598 1741 excommunicare,
619 1666 831 1749 suspendere,
856 1669 973 1750 punire
998 1677 1216 1752 postestatem

164 1771 333 1845 habentes
359 1792 426 1833 non
451 1781 489 1834 ut
513 1792 637 1845 semen,
662 1769 697 1833 id
720 1778 771 1835 est
793 1771 933 1835 verbum
957 1773 1030 1847 Dei,
1050 1775 1217 1839 seminent

164 1874 445 1950 fructificandum,
461 1874 521 1938 sed
541 1884 580 1939 ut
603 1877 781 1959 pecuniam
804 1884 1037 1960 extorqueant,
1055 1879 1217 1964 colligant

164 1988 197 2043 et
222 1988 350 2043 metant
375 1981 440 2063 que
464 2001 639 2064 nunquam
662 1982 921 2045 seminaverunt.
970 1980 1091 2067 Sicque
1116 1983 1154 2047 fit
1178 1991 1218 2046 ut

163 2085 318 2149 ecclesias
334 2105 453 2159 sacras,
470 2106 654 2169 pauperum
671 2084 810 2171 refugia,
823 2094 1011 2151 sanctorum
1029 2089 1217 2152 mansiones
1263 2123 1265 2127 ·

164 2191 324 2276 diripiant
349 2212 431 2275 quas
459 2192 505 2275 pii
529 2213 566 2255 ac
594 2192 760 2276 simplices
789 2201 898 2276 patres
926 2195 1032 2257 nostri
1057 2194 1092 2255 in
1116 2189 1218 2257 reiec-

164 2297 289 2360 tionem
306 2318 489 2380 pauperum
505 2318 542 2360 ac
559 2298 811 2384 peregrinorum
837 2305 871 2362 et
894 2298 1124 2385 religiosorum
1149 2320 1217 2361 sus-

164 2403 384 2465 tentationem
411 2400 607 2478 fundarunt,
634 2410 669 2466 et
699 2424 788 2466 nunc
819 2402 861 2466 ad
888 2404 1026 2487 imperia
1054 2411 1088 2467 et
1114 2424 1218 2487 regna

165 2506 345 2593 degeneres
362 2515 396 2571 et
412 2508 585 2592 ignobiles,
600 2530 683 2592 quos
699 2508 767 2572 sole
784 2508 894 2573 littere
912 2508 1044 2572 faciunt
1061 2509 1215 2582 insanire,
1274 2591 1278 2600 q

164 2632 247 2673 ausu
279 2613 453 2674 temerario
485 2611 695 2676 contendunt
725 2612 890 2677 anhelare.
949 2613 989 2674 ln
1019 2621 1216 2697 paupertate

165 2715 299 2797 quidem
317 2722 352 2779 et
367 2716 580 2801 simplicitate
604 2715 746 2781 fundata
769 2726 840 2781 erat
864 2717 1015 2782 Ecclesia
1039 2718 1216 2803 primitiva,

165 2841 241 2881 cum
271 2827 405 2883 sanctos
436 2842 520 2904 quos
552 2822 723 2907 catalogus
754 2829 946 2886 sanctorum
981 2829 1219 2886 commemorat

165 2922 309 2987 fecunda
322 2925 517 3006 parturiret:
536 2924 596 2988 sed
612 2925 704 2988 aliud
721 2925 977 2990 fundamentum
995 2947 1091 2989 nemo
1108 2933 1219 3009 potest

166 3049 286 3110 ponere
303 3035 413 3110 preter
431 3028 516 3090 illud
532 3028 624 3112 quod
639 3031 787 3112 positum
804 3037 854 3093 est
870 3051 889 3092 a
905 3030 1049 3093 Domino
1075 3029 1157 3093 Jesu
1180 3050 1218 3092 ac

165 3133 374 3197 stabilitum¹
422 3134 523 3198 Porro
540 3137 619 3220 quia
635 3137 669 3198 in
695 3136 822 3201 divitiis
846 3138 1016 3221 navigant,
1033 3139 1066 3200 in
1091 3127 1218 3201 divitiis

166 3238 374 3309 volutantur,
402 3240 435 3301 in
467 3238 594 3304 divitiis
626 3239 791 3313 edificant,
824 3240 1009 3305 timendum
1040 3263 1081 3306 ne
1113 3242 1219 3325 paries

166 3342 347 3406 inclinetur
362 3342 522 3418 Ecclesia,
539 3365 580 3408 ne
599 3346 740 3408 maceria
759 3344 899 3428 depulsa
922 3345 1019 3409 ruina
1042 3344 1221 3429 subsequa-

166 3452 231 3509 tur.
278 3445 317 3508 In
349 3467 409 3510 nos
440 3449 551 3522 etiam,
583 3450 680 3512 novit
709 3456 875 3512 scrutator
905 3450 1063 3524 omnium,
1094 3450 1219 3533 injuste

166 3548 416 3614 debacchantur
439 3551 586 3617 dicentes
611 3574 672 3616 nos
698 3553 788 3617 nolle
814 3554 965 3617 terminis
990 3552 1220 3617 transfretasse

211 3704 219 3737 ¹
234 3707 310 3755 ll-B.
325 3707 392 3755 calls
405 3708 542 3755 attention
556 3712 586 3756 to
598 3708 646 3756 the
659 3708 719 3756 fact
732 3708 793 3757 that
810 3709 960 3758 Frederlck
979 3709 1059 3757 often
1078 3720 1173 3757 recurs
1191 3711 1222 3755 to

168 3786 224 3834 this
238 3787 366 3848 thought,
377 3788 525 3850 especially
536 3789 613 3838 aster
624 3788 668 3838 his
680 3789 838 3850 deposltlon
851 3790 886 3852 by
897 3789 944 3838 the
957 3789 1066 3838 eouuell
1074 3789 1106 3838 of
1122 3790 1221 3851 Lyons.
