2768 4268
176 333 217 396 14
394 352 526 399 sannen
549 353 754 400 rmnrnvnn
779 354 1010 401 noconnurs.

173 527 274 603 atque
299 520 504 584 occidentale
528 522 704 606 imperium
720 521 867 586 stabilire
885 530 920 587 et
944 524 1118 588 ecclesiam
1134 547 1228 588 suam

173 623 372 688 catholicam
398 634 547 690 sanctam
575 636 608 690 et
638 627 897 702 immaculatam,
926 650 1012 712 quae
1046 637 1118 692 toto
1151 630 1228 694 orbe

173 728 296 794 diffusa
323 739 384 806 est,
408 732 504 815 juxta
530 731 714 794 cotidianas
740 732 845 815 ipsius
872 733 1116 816 postulationes
1141 735 1229 798 sicut

173 856 302 919 semper
328 857 444 921 regere
472 856 509 898 ac
540 842 724 920 protegere,
752 837 800 898 ita
827 838 928 900 etiam
955 859 1045 901 nunc
1076 837 1166 902 idem
1193 839 1228 900 in

172 947 286 1003 nostro
303 946 452 1023 tempore
468 938 614 1003 adunare
631 947 732 1023 atque
748 939 922 1024 pacificare
939 941 1096 1026 dignatus
1113 950 1174 1006 est.

633 1167 768 1193 —000—

174 1337 450 1399 calatunnam
472 1336 654 1398 Arrornrs
677 1337 785 1399 totns
809 1338 872 1399 Hrs
898 1338 1105 1400 SUOOESSOR
1132 1341 1226 1405 (813).

377 1483 529 1543 [Chronicon
540 1485 732 1542 Moissiaceuse3
749 1486 784 1530 M.
795 1485 824 1531 G.
834 1486 876 1533 H..
886 1486 929 1532 SS.
938 1486 957 1530 I.
965 1483 1025 1544 259]

176 1560 229 1619 (Os.
239 1561 282 1605 the
293 1560 370 1605 fuller
378 1559 437 1614 and,
446 1560 577 1617 probably,
587 1559 637 1605 less
652 1561 820 1617 trustwortny
830 1565 938 1605 account
949 1561 976 1605 in
986 1561 1114 1619 Thegan's
1129 1562 1185 1607 Life
1201 1563 1230 1606 os

498 1634 582 1688 Louis‚
594 1634 629 1678 M.
642 1634 672 1679 G.
684 1634 726 1688 H.,
739 1635 781 1681 SS.
792 1635 823 1679 Π.
835 1637 899 1691 591.)

216 1777 303 1841 Cum
334 1798 496 1841 consensu
523 1784 558 1841 et
583 1778 821 1842 acclamatione
849 1780 996 1842 omnium
1027 1781 1227 1865 populorum

171 1881 381 1946 Ludovicum
398 1881 505 1943 filium
529 1883 705 1945 constituit
726 1883 959 1967 imperatorem
980 1906 1095 1948 secum
1116 1906 1154 1948 ac
1170 1907 1231 1969 per

172 2007 327 2049 coronam
343 2007 476 2048 auream
493 1985 632 2048 tradidit
648 1987 679 2049 ei
694 1987 873 2069 imperium
890 1989 1023 2070 populis
1046 1990 1228 2051 acclaman-

172 2089 261 2153 tibus
289 2097 323 2152 ct
349 2088 557 2152 dicentibus:
589 2089 693 2151 Vivat
723 2091 902 2172 imperator
932 2089 1135 2153 Ludovicus.
1182 2091 1229 2153 Et

171 2192 262 2256 facta
274 2199 326 2256 est
340 2192 469 2256 laetitia
485 2213 605 2277 magna
621 2193 656 2253 in
672 2193 796 2276 populo
812 2193 847 2253 in
863 2192 922 2255 illa
939 2192 1002 2255 die.

625 2420 761 2445 -000—

431 2589 674 2652 consummo
697 2589 852 2651 aonam
875 2590 968 2656 (824).

515 2735 560 2795 [Μ.
573 2737 602 2783 c.
615 2737 657 2792 n,
669 2737 717 2781 m.
731 2737 749 2781 1.
762 2738 812 2792 aar,
823 2735 886 2794 aron

223 2880 377 2968 Capitale
395 2887 474 2967 qudo
492 2881 627 2942 domnas
644 2879 686 2942 H
686 2877 842 2942 lotharius
858 2881 1034 2967 imperator
1052 2883 1097 2945 ad
1113 2883 1228 2945 limina

174 2987 257 3050 beati
286 2985 386 3048 Petri
413 2984 549 3069 apostoli
579 2994 716 3069 tempore
746 2982 893 3065 Bapenii
919 2986 1037 3048 summi
1062 2987 1228 3071 pontificis

171 3091 327 3154 instituit.

216 3223 246 3286 1.
272 3223 505 3288 Constitutum
528 3224 696 3297 habemus,
719 3232 758 3287 ut
783 3245 895 3287 omnes
921 3225 980 3307 qui
1005 3224 1067 3286 sub
1091 3222 1226 3307 speciali

172 3329 366 3394 defensione
384 3329 497 3392 domni
521 3329 695 3412 apostolici
711 3349 771 3390 seu
787 3336 899 3391 nostra
922 3327 1050 3390 luerint
1068 3326 1227 3408 suscepti,

172 3437 349 3521 impetrata
365 3435 603 3498 inviolabiliter
619 3434 708 3518 justa
725 3440 863 3495 utantur
880 3430 1085 3495 defensioue.
1126 3428 1227 3506 Quod

112 3534 116 3551 l
172 3543 200 3606 si
228 3542 304 3624 quis
330 3541 366 3603 in
394 3559 606 3622 quocumque
634 3536 695 3600 hoc
727 3543 957 3619 contemptum
982 3535 1106 3600 violare
1138 3555 1228 3618 prae-

172 3646 360 3729 sumpserit,
375 3645 459 3708 sciat
481 3665 515 3706 se
539 3641 725 3725 periculum
746 3641 835 3704 vitae
852 3661 930 3702 suae
951 3662 1021 3703 esse
1046 3641 1226 3703 incursum.

172 3750 260 3814 Nam
272 3758 307 3815 et
321 3751 384 3814 hoc
401 3749 620 3823 decernimus
633 3755 673 3810 ut
688 3746 810 3810 domno
823 3746 1004 3830 apostolico
1021 3747 1056 3808 in
1073 3745 1228 3809 omnibus
