<?xml version="1.0" encoding="UTF-8"?>
<!DOCTYPE html PUBLIC "-//W3C//DTD XHTML 1.0 Transitional//EN"
    "http://www.w3.org/TR/xhtml1/DTD/xhtml1-transitional.dtd">
<html xmlns="http://www.w3.org/1999/xhtml" xml:lang="en" lang="en">
 <head>
  <title>
</title>
<meta http-equiv="Content-Type" content="text/html;charset=utf-8" />
  <meta name='ocr-system' content='tesseract 3.04.00' />
  <meta name='ocr-capabilities' content='ocr_page ocr_carea ocr_par ocr_line ocrx_word'/>
</head>
<body>
  <div class='ocr_page' id='page_1' title='image "./selectmediaeval00mathgoog_0055.png"; bbox 0 0 2768 4268; ppageno 0'>
   <div class='ocr_carea' id='block_1_1' title="bbox 136 332 971 400">
    <p class='ocr_par' dir='ltr' id='par_1_1' title="bbox 136 332 971 400">
     <span class='ocr_line' id='line_1_1' title="bbox 136 332 971 400; baseline 0.002 -4"><span class='ocrx_word' id='word_1_1' title='bbox 136 332 178 396; x_wconf 83' lang='lat'>50</span> <span class='ocrx_word' id='word_1_2' title='bbox 354 351 486 397; x_wconf 77' lang='lat' dir='ltr'>SELECT</span> <span class='ocrx_word' id='word_1_3' title='bbox 508 351 714 397; x_wconf 77' lang='lat' dir='ltr'>MEDIAEVAL</span> <span class='ocrx_word' id='word_1_4' title='bbox 741 352 971 400; x_wconf 77' lang='lat' dir='ltr'>DOCUMEXTS.</span> 
     </span>
    </p>
   </div>
   <div class='ocr_carea' id='block_1_2' title="bbox 135 518 1194 1333">
    <p class='ocr_par' dir='ltr' id='par_1_2' title="bbox 135 518 1194 1333">
     <span class='ocr_line' id='line_1_2' title="bbox 136 518 1194 604; baseline 0.003 -23"><span class='ocrx_word' id='word_1_5' title='bbox 136 519 245 583; x_wconf 84' lang='lat' dir='ltr'><strong>vimus</strong></span> <span class='ocrx_word' id='word_1_6' title='bbox 262 518 333 583; x_wconf 90' lang='lat' dir='ltr'>fieri</span> <span class='ocrx_word' id='word_1_7' title='bbox 350 527 441 583; x_wconf 89' lang='lat' dir='ltr'>etex</span> <span class='ocrx_word' id='word_1_8' title='bbox 458 541 496 584; x_wconf 90' lang='lat' dir='ltr'>eo</span> <span class='ocrx_word' id='word_1_9' title='bbox 517 521 678 604; x_wconf 88' lang='lat' dir='ltr'>plurimas</span> <span class='ocrx_word' id='word_1_10' title='bbox 702 520 969 604; x_wconf 73' lang='lat' dir='ltr'>perturbationes</span> <span class='ocrx_word' id='word_1_11' title='bbox 992 521 1028 583; x_wconf 91' lang='lat' dir='ltr'>in</span> <span class='ocrx_word' id='word_1_12' title='bbox 1051 521 1194 586; x_wconf 89' lang='lat' dir='ltr'>ecclesia</span> 
     </span>
     <span class='ocr_line' id='line_1_3' title="bbox 136 623 1194 710; baseline 0.001 -25"><span class='ocrx_word' id='word_1_13' title='bbox 136 623 225 698; x_wconf 90' lang='lat' dir='ltr'>oriri,</span> <span class='ocrx_word' id='word_1_14' title='bbox 241 644 284 685; x_wconf 82' lang='lat' dir='ltr'>ex</span> <span class='ocrx_word' id='word_1_15' title='bbox 308 623 430 706; x_wconf 90' lang='lat' dir='ltr'>quibus</span> <span class='ocrx_word' id='word_1_16' title='bbox 454 623 636 687; x_wconf 84' lang='lat' dir='ltr'>christiana</span> <span class='ocrx_word' id='word_1_17' title='bbox 659 625 777 710; x_wconf 86' lang='lat' dir='ltr'>religio</span> <span class='ocrx_word' id='word_1_18' title='bbox 801 625 1029 699; x_wconf 80' lang='lat' dir='ltr'>conculcatur,</span> <span class='ocrx_word' id='word_1_19' title='bbox 1045 624 1194 689; x_wconf 91' lang='lat' dir='ltr'>decerni-</span> 
     </span>
     <span class='ocr_line' id='line_1_4' title="bbox 136 727 1191 812; baseline 0.005 -25"><span class='ocrx_word' id='word_1_20' title='bbox 136 747 230 788; x_wconf 88' lang='lat' dir='ltr'>mus:</span> <span class='ocrx_word' id='word_1_21' title='bbox 255 734 295 790; x_wconf 94' lang='lat' dir='ltr'>ut</span> <span class='ocrx_word' id='word_1_22' title='bbox 309 727 424 790; x_wconf 90' lang='lat' dir='ltr'>nullus</span> <span class='ocrx_word' id='word_1_23' title='bbox 440 727 635 791; x_wconf 86' lang='lat' dir='ltr'>clericorum</span> <span class='ocrx_word' id='word_1_24' title='bbox 656 729 892 792; x_wconf 86' lang='lat' dir='ltr'>investituram</span> <span class='ocrx_word' id='word_1_25' title='bbox 908 729 1119 812; x_wconf 84' lang='lat' dir='ltr'>episcopatus</span> <span class='ocrx_word' id='word_1_26' title='bbox 1134 729 1191 793; x_wconf 95' lang='lat' dir='ltr'>vel</span> 
     </span>
     <span class='ocr_line' id='line_1_5' title="bbox 136 828 1193 919; baseline 0.004 -27"><span class='ocrx_word' id='word_1_27' title='bbox 136 828 285 894; x_wconf 81' lang='lat' dir='ltr'>abbatiae</span> <span class='ocrx_word' id='word_1_28' title='bbox 313 831 368 893; x_wconf 91' lang='lat' dir='ltr'>vel</span> <span class='ocrx_word' id='word_1_29' title='bbox 395 831 552 895; x_wconf 88' lang='lat' dir='ltr'>ecclesiae</span> <span class='ocrx_word' id='word_1_30' title='bbox 580 831 620 895; x_wconf 88' lang='lat' dir='ltr'>de</span> <span class='ocrx_word' id='word_1_31' title='bbox 648 854 749 896; x_wconf 89' lang='lat' dir='ltr'>manu</span> <span class='ocrx_word' id='word_1_32' title='bbox 779 832 988 916; x_wconf 88' lang='lat' dir='ltr'>imperatoris</span> <span class='ocrx_word' id='word_1_33' title='bbox 1016 832 1072 896; x_wconf 90' lang='lat' dir='ltr'>vel</span> <span class='ocrx_word' id='word_1_34' title='bbox 1100 832 1193 919; x_wconf 86' lang='lat' dir='ltr'>regis</span> 
     </span>
     <span class='ocr_line' id='line_1_6' title="bbox 135 934 1189 1020; baseline 0.002 -23"><span class='ocrx_word' id='word_1_35' title='bbox 135 934 191 997; x_wconf 94' lang='lat' dir='ltr'>vel</span> <span class='ocrx_word' id='word_1_36' title='bbox 214 935 356 1018; x_wconf 80' lang='lat' dir='ltr'>alicujus</span> <span class='ocrx_word' id='word_1_37' title='bbox 379 935 482 998; x_wconf 88' lang='lat' dir='ltr'>laicae</span> <span class='ocrx_word' id='word_1_38' title='bbox 506 957 676 1018; x_wconf 83' lang='lat' dir='ltr'>personae,</span> <span class='ocrx_word' id='word_1_39' title='bbox 693 936 755 999; x_wconf 91' lang='lat' dir='ltr'>viri</span> <span class='ocrx_word' id='word_1_40' title='bbox 772 936 826 999; x_wconf 92' lang='lat' dir='ltr'>vel</span> <span class='ocrx_word' id='word_1_41' title='bbox 845 935 1001 1011; x_wconf 84' lang='lat' dir='ltr'>feminae,</span> <span class='ocrx_word' id='word_1_42' title='bbox 1017 937 1189 1020; x_wconf 86' lang='lat' dir='ltr'>suscipiat.</span> 
     </span>
     <span class='ocr_line' id='line_1_7' title="bbox 137 1037 1190 1124; baseline 0.004 -24"><span class='ocrx_word' id='word_1_43' title='bbox 137 1037 237 1116; x_wconf 83' lang='lat' dir='ltr'>Quod</span> <span class='ocrx_word' id='word_1_44' title='bbox 253 1039 281 1101; x_wconf 89' lang='lat' dir='ltr'>si</span> <span class='ocrx_word' id='word_1_45' title='bbox 297 1039 567 1123; x_wconf 86' lang='lat' dir='ltr'>praesumpserit,</span> <span class='ocrx_word' id='word_1_46' title='bbox 584 1048 820 1124; x_wconf 85' lang='lat' dir='ltr'>recognoscat:</span> <span class='ocrx_word' id='word_1_47' title='bbox 844 1041 1080 1104; x_wconf 80' lang='lat' dir='ltr'>investituram</span> <span class='ocrx_word' id='word_1_48' title='bbox 1096 1040 1190 1104; x_wconf 91' lang='lat' dir='ltr'>illam</span> 
     </span>
     <span class='ocr_line' id='line_1_8' title="bbox 135 1142 1194 1228; baseline 0.001 -22"><span class='ocrx_word' id='word_1_49' title='bbox 135 1142 318 1226; x_wconf 88' lang='lat' dir='ltr'>apostolica</span> <span class='ocrx_word' id='word_1_50' title='bbox 334 1144 531 1207; x_wconf 88' lang='lat' dir='ltr'>auctoritate</span> <span class='ocrx_word' id='word_1_51' title='bbox 548 1144 677 1207; x_wconf 89' lang='lat' dir='ltr'>irritam</span> <span class='ocrx_word' id='word_1_52' title='bbox 696 1165 777 1218; x_wconf 88' lang='lat' dir='ltr'>esse,</span> <span class='ocrx_word' id='word_1_53' title='bbox 803 1151 893 1207; x_wconf 89' lang='lat' dir='ltr'>etse</span> <span class='ocrx_word' id='word_1_54' title='bbox 917 1165 1024 1228; x_wconf 90' lang='lat' dir='ltr'>usque</span> <span class='ocrx_word' id='word_1_55' title='bbox 1048 1143 1092 1207; x_wconf 88' lang='lat' dir='ltr'>ad</span> <span class='ocrx_word' id='word_1_56' title='bbox 1115 1165 1194 1208; x_wconf 92' lang='lat' dir='ltr'>con·</span> 
     </span>
     <span class='ocr_line' id='line_1_9' title="bbox 136 1245 1107 1333; baseline 0 -24"><span class='ocrx_word' id='word_1_57' title='bbox 136 1245 272 1333; x_wconf 84' lang='lat' dir='ltr'>dignam</span> <span class='ocrx_word' id='word_1_58' title='bbox 287 1246 553 1311; x_wconf 84' lang='lat' dir='ltr'>satisfactionem</span> <span class='ocrx_word' id='word_1_59' title='bbox 568 1248 911 1312; x_wconf 82' lang='lat' dir='ltr'>excommunicationi</span> <span class='ocrx_word' id='word_1_60' title='bbox 926 1248 1107 1333; x_wconf 87' lang='lat' dir='ltr'>subjacere.</span> 
     </span>
    </p>
   </div>
   <div class='ocr_carea' id='block_1_3' title="bbox 393 1430 933 1628">
    <p class='ocr_par' dir='ltr' id='par_1_3' title="bbox 393 1430 933 1628">
     <span class='ocr_line' id='line_1_10' title="bbox 393 1430 933 1515; baseline 0.004 -22"><span class='ocrx_word' id='word_1_61' title='bbox 393 1433 436 1515; x_wconf 88' lang='lat' dir='ltr'>b)</span> <span class='ocrx_word' id='word_1_62' title='bbox 461 1430 582 1495; x_wconf 82' lang='lat' dir='ltr'>Decree</span> <span class='ocrx_word' id='word_1_63' title='bbox 600 1432 638 1513; x_wconf 78' lang='lat' dir='ltr'>of</span> <span class='ocrx_word' id='word_1_64' title='bbox 656 1431 773 1495; x_wconf 69' lang='lat' dir='ltr'>Marcii</span> <span class='ocrx_word' id='word_1_65' title='bbox 790 1431 819 1508; x_wconf 79' lang='lat' dir='ltr'>I,</span> <span class='ocrx_word' id='word_1_66' title='bbox 837 1433 933 1496; x_wconf 87' lang='grc'><strong>1080.</strong></span> 
     </span>
     <span class='ocr_line' id='line_1_11' title="bbox 448 1568 880 1628; baseline 0 -13"><span class='ocrx_word' id='word_1_67' title='bbox 448 1568 537 1628; x_wconf 65' lang='lat' dir='ltr'>[uana</span> <span class='ocrx_word' id='word_1_68' title='bbox 553 1570 679 1616; x_wconf 66' lang='lat' dir='ltr'>mnae.</span> <span class='ocrx_word' id='word_1_69' title='bbox 692 1568 880 1628; x_wconf 79' lang='lat' dir='ltr'>eer.,11.an.]</span> 
     </span>
    </p>
   </div>
   <div class='ocr_carea' id='block_1_4' title="bbox 134 1676 1198 3950">
    <p class='ocr_par' dir='ltr' id='par_1_4' title="bbox 134 1676 1198 3012">
     <span class='ocr_line' id='line_1_12' title="bbox 179 1676 1193 1764; baseline 0 -23"><span class='ocrx_word' id='word_1_70' title='bbox 179 1676 364 1762; x_wconf 88' lang='lat' dir='ltr'>Sequentes</span> <span class='ocrx_word' id='word_1_71' title='bbox 380 1686 508 1742; x_wconf 85' lang='lat' dir='ltr'>statuta</span> <span class='ocrx_word' id='word_1_72' title='bbox 523 1686 716 1742; x_wconf 83' lang='lat' dir='ltr'>sanctorum</span> <span class='ocrx_word' id='word_1_73' title='bbox 738 1680 1024 1762; x_wconf 90' lang='lat' dir='ltr'>patrum—sicut</span> <span class='ocrx_word' id='word_1_74' title='bbox 1046 1680 1082 1741; x_wconf 90' lang='lat' dir='ltr'>in</span> <span class='ocrx_word' id='word_1_75' title='bbox 1104 1679 1193 1764; x_wconf 89' lang='lat' dir='ltr'>prio·</span> 
     </span>
     <span class='ocr_line' id='line_1_13' title="bbox 135 1781 1187 1867; baseline 0.003 -23"><span class='ocrx_word' id='word_1_76' title='bbox 135 1781 224 1845; x_wconf 88' lang='lat' dir='ltr'>ribus</span> <span class='ocrx_word' id='word_1_77' title='bbox 255 1783 416 1857; x_wconf 88' lang='lat' dir='ltr'>conciliis,</span> <span class='ocrx_word' id='word_1_78' title='bbox 444 1804 529 1867; x_wconf 91' lang='lat' dir='ltr'>quae</span> <span class='ocrx_word' id='word_1_79' title='bbox 562 1783 634 1847; x_wconf 88' lang='lat' dir='ltr'>Deo</span> <span class='ocrx_word' id='word_1_80' title='bbox 662 1784 840 1847; x_wconf 84' lang='lat' dir='ltr'>miserante</span> <span class='ocrx_word' id='word_1_81' title='bbox 868 1781 1118 1859; x_wconf 83' lang='lat' dir='ltr'>celebravimus,</span> <span class='ocrx_word' id='word_1_82' title='bbox 1145 1782 1187 1847; x_wconf 89' lang='lat' dir='ltr'>de</span> 
     </span>
     <span class='ocr_line' id='line_1_14' title="bbox 136 1885 1190 1972; baseline 0 -23"><span class='ocrx_word' id='word_1_83' title='bbox 136 1885 344 1950; x_wconf 90' lang='lat' dir='ltr'>ordinatione</span> <span class='ocrx_word' id='word_1_84' title='bbox 361 1887 662 1951; x_wconf 85' lang='lat' dir='ltr'>ecclesiasticarum</span> <span class='ocrx_word' id='word_1_85' title='bbox 677 1886 882 1972; x_wconf 84' lang='lat' dir='ltr'>dignitatum</span> <span class='ocrx_word' id='word_1_86' title='bbox 898 1887 1078 1950; x_wconf 87' lang='lat' dir='ltr'>statuimus</span> <span class='ocrx_word' id='word_1_87' title='bbox 1088 1887 1190 1951; x_wconf 88' lang='lat' dir='ltr'>—ita</span> 
     </span>
     <span class='ocr_line' id='line_1_15' title="bbox 136 1990 1193 2075; baseline -0.002 -21"><span class='ocrx_word' id='word_1_88' title='bbox 136 1998 170 2054; x_wconf 90' lang='lat' dir='ltr'>et</span> <span class='ocrx_word' id='word_1_89' title='bbox 188 2012 278 2055; x_wconf 89' lang='lat' dir='ltr'>nunc</span> <span class='ocrx_word' id='word_1_90' title='bbox 300 1992 482 2075; x_wconf 89' lang='lat' dir='ltr'>apostolica</span> <span class='ocrx_word' id='word_1_91' title='bbox 504 1993 705 2055; x_wconf 87' lang='lat' dir='ltr'>auctoritate</span> <span class='ocrx_word' id='word_1_92' title='bbox 729 1991 937 2055; x_wconf 90' lang='lat' dir='ltr'>decernimus</span> <span class='ocrx_word' id='word_1_93' title='bbox 961 1998 996 2055; x_wconf 93' lang='lat' dir='ltr'>et</span> <span class='ocrx_word' id='word_1_94' title='bbox 1018 1990 1193 2054; x_wconf 90' lang='lat' dir='ltr'>confirma-</span> 
     </span>
     <span class='ocr_line' id='line_1_16' title="bbox 135 2093 1188 2179; baseline 0.002 -22"><span class='ocrx_word' id='word_1_95' title='bbox 135 2116 230 2158; x_wconf 88' lang='lat' dir='ltr'>mus:</span> <span class='ocrx_word' id='word_1_96' title='bbox 255 2101 295 2157; x_wconf 91' lang='lat' dir='ltr'>ut</span> <span class='ocrx_word' id='word_1_97' title='bbox 317 2096 345 2158; x_wconf 90' lang='lat' dir='ltr'>si</span> <span class='ocrx_word' id='word_1_98' title='bbox 370 2095 446 2178; x_wconf 91' lang='lat' dir='ltr'>quis</span> <span class='ocrx_word' id='word_1_99' title='bbox 470 2093 625 2178; x_wconf 87' lang='lat' dir='ltr'>deinceps</span> <span class='ocrx_word' id='word_1_100' title='bbox 649 2096 878 2179; x_wconf 87' lang='lat' dir='ltr'>episcopatum</span> <span class='ocrx_word' id='word_1_101' title='bbox 893 2094 949 2158; x_wconf 89' lang='lat' dir='ltr'>vel</span> <span class='ocrx_word' id='word_1_102' title='bbox 965 2093 1130 2157; x_wconf 88' lang='lat' dir='ltr'>abbatiam</span> <span class='ocrx_word' id='word_1_103' title='bbox 1145 2093 1188 2159; x_wconf 89' lang='lat' dir='ltr'>de</span> 
     </span>
     <span class='ocr_line' id='line_1_17' title="bbox 136 2198 1191 2283; baseline 0.002 -23"><span class='ocrx_word' id='word_1_104' title='bbox 136 2220 238 2261; x_wconf 90' lang='lat' dir='ltr'>manu</span> <span class='ocrx_word' id='word_1_105' title='bbox 268 2199 412 2282; x_wconf 88' lang='lat' dir='ltr'>alicujus</span> <span class='ocrx_word' id='word_1_106' title='bbox 442 2199 546 2263; x_wconf 89' lang='lat' dir='ltr'>laicae</span> <span class='ocrx_word' id='word_1_107' title='bbox 578 2221 738 2283; x_wconf 86' lang='lat' dir='ltr'>personae</span> <span class='ocrx_word' id='word_1_108' title='bbox 768 2199 961 2283; x_wconf 85' lang='lat' dir='ltr'>susceperit,</span> <span class='ocrx_word' id='word_1_109' title='bbox 993 2198 1191 2262; x_wconf 87' lang='lat' dir='ltr'>nullatenus</span> 
     </span>
     <span class='ocr_line' id='line_1_18' title="bbox 134 2302 1193 2387; baseline 0.001 -22"><span class='ocrx_word' id='word_1_110' title='bbox 134 2304 224 2367; x_wconf 92' lang='lat' dir='ltr'>inter</span> <span class='ocrx_word' id='word_1_111' title='bbox 253 2304 423 2387; x_wconf 88' lang='lat' dir='ltr'>episcopos</span> <span class='ocrx_word' id='word_1_112' title='bbox 454 2303 509 2367; x_wconf 88' lang='lat' dir='ltr'>vel</span> <span class='ocrx_word' id='word_1_113' title='bbox 540 2302 673 2366; x_wconf 80' lang='lat' dir='ltr'>ablatos</span> <span class='ocrx_word' id='word_1_114' title='bbox 704 2303 865 2366; x_wconf 90' lang='lat' dir='ltr'>habeatur</span> <span class='ocrx_word' id='word_1_115' title='bbox 895 2324 955 2366; x_wconf 89' lang='lat' dir='ltr'>nec</span> <span class='ocrx_word' id='word_1_116' title='bbox 986 2302 1057 2364; x_wconf 88' lang='lat' dir='ltr'>ulla</span> <span class='ocrx_word' id='word_1_117' title='bbox 1087 2302 1118 2385; x_wconf 80' lang='lat' dir='ltr'>ei</span> <span class='ocrx_word' id='word_1_118' title='bbox 1148 2309 1193 2366; x_wconf 94' lang='lat' dir='ltr'>ut</span> 
     </span>
     <span class='ocr_line' id='line_1_19' title="bbox 135 2405 1190 2492; baseline -0.001 -21"><span class='ocrx_word' id='word_1_119' title='bbox 135 2408 290 2492; x_wconf 90' lang='lat' dir='ltr'>episcopo</span> <span class='ocrx_word' id='word_1_120' title='bbox 320 2429 380 2471; x_wconf 87' lang='lat' dir='ltr'>seu</span> <span class='ocrx_word' id='word_1_121' title='bbox 414 2407 525 2471; x_wconf 88' lang='lat' dir='ltr'>abbati</span> <span class='ocrx_word' id='word_1_122' title='bbox 563 2406 735 2470; x_wconf 87' lang='lat' dir='ltr'>audientia</span> <span class='ocrx_word' id='word_1_123' title='bbox 773 2406 985 2470; x_wconf 87' lang='lat' dir='ltr'>concedatur.</span> <span class='ocrx_word' id='word_1_124' title='bbox 1047 2405 1190 2490; x_wconf 91' lang='lat' dir='ltr'>Insuper</span> 
     </span>
     <span class='ocr_line' id='line_1_20' title="bbox 135 2510 1191 2596; baseline -0.001 -21"><span class='ocrx_word' id='word_1_125' title='bbox 135 2512 237 2575; x_wconf 66' lang='lat' dir='ltr'>etiaim</span> <span class='ocrx_word' id='word_1_126' title='bbox 267 2512 297 2574; x_wconf 96' lang='lat' dir='ltr'>ei</span> <span class='ocrx_word' id='word_1_127' title='bbox 327 2512 470 2596; x_wconf 85' lang='lat' dir='ltr'>gratiam</span> <span class='ocrx_word' id='word_1_128' title='bbox 500 2512 608 2574; x_wconf 88' lang='lat' dir='ltr'>sancti</span> <span class='ocrx_word' id='word_1_129' title='bbox 641 2510 733 2574; x_wconf 89' lang='lat' dir='ltr'>Petri</span> <span class='ocrx_word' id='word_1_130' title='bbox 765 2518 799 2574; x_wconf 90' lang='lat' dir='ltr'>et</span> <span class='ocrx_word' id='word_1_131' title='bbox 829 2511 1005 2573; x_wconf 89' lang='lat' dir='ltr'>introitum</span> <span class='ocrx_word' id='word_1_132' title='bbox 1029 2510 1191 2574; x_wconf 88' lang='lat' dir='ltr'>ecclesiae</span> 
     </span>
     <span class='ocr_line' id='line_1_21' title="bbox 135 2612 1198 2700; baseline -0.003 -21"><span class='ocrx_word' id='word_1_133' title='bbox 135 2615 461 2700; x_wconf 66' lang='lat' dir='ltr'>interdicimusque</span> <span class='ocrx_word' id='word_1_134' title='bbox 482 2637 588 2699; x_wconf 87' lang='lat' dir='ltr'>usque</span> <span class='ocrx_word' id='word_1_135' title='bbox 612 2616 852 2699; x_wconf 85' lang='lat' dir='ltr'>locum,que1n</span> <span class='ocrx_word' id='word_1_136' title='bbox 875 2614 937 2677; x_wconf 91' lang='lat' dir='ltr'>sub</span> <span class='ocrx_word' id='word_1_137' title='bbox 959 2615 1095 2678; x_wconf 84' lang='lat' dir='ltr'>erimine</span> <span class='ocrx_word' id='word_1_138' title='bbox 1119 2612 1198 2678; x_wconf 83' lang='lat' dir='ltr'>tam&#39;</span> 
     </span>
     <span class='ocr_line' id='line_1_22' title="bbox 135 2717 1193 2804; baseline -0.003 -21"><span class='ocrx_word' id='word_1_139' title='bbox 135 2720 326 2783; x_wconf 90' lang='lat' dir='ltr'>ambitionis</span> <span class='ocrx_word' id='word_1_140' title='bbox 351 2742 452 2804; x_wconf 89' lang='lat' dir='ltr'>quam</span> <span class='ocrx_word' id='word_1_141' title='bbox 477 2718 732 2794; x_wconf 88' lang='lat' dir='ltr'>inobedientiae,</span> <span class='ocrx_word' id='word_1_142' title='bbox 758 2718 850 2803; x_wconf 79' lang='lat' dir='ltr'>(prod</span> <span class='ocrx_word' id='word_1_143' title='bbox 874 2727 926 2782; x_wconf 89' lang='lat' dir='ltr'>est</span> <span class='ocrx_word' id='word_1_144' title='bbox 949 2719 1056 2782; x_wconf 87' lang='lat' dir='ltr'>scelus</span> <span class='ocrx_word' id='word_1_145' title='bbox 1087 2717 1193 2781; x_wconf 88' lang='lat' dir='ltr'>idola-</span> 
     </span>
     <span class='ocr_line' id='line_1_23' title="bbox 135 2821 1189 2908; baseline -0.004 -21"><span class='ocrx_word' id='word_1_146' title='bbox 135 2824 208 2900; x_wconf 89' lang='lat' dir='ltr'>trie,</span> <span class='ocrx_word' id='word_1_147' title='bbox 235 2825 334 2907; x_wconf 90' lang='lat' dir='ltr'>cepit,</span> <span class='ocrx_word' id='word_1_148' title='bbox 359 2823 581 2908; x_wconf 87' lang='lat' dir='ltr'>resipiscendo</span> <span class='ocrx_word' id='word_1_149' title='bbox 610 2845 677 2887; x_wconf 93' lang='lat' dir='ltr'>non</span> <span class='ocrx_word' id='word_1_150' title='bbox 708 2823 840 2886; x_wconf 87' lang='lat' dir='ltr'>deserit.</span> <span class='ocrx_word' id='word_1_151' title='bbox 898 2821 1059 2885; x_wconf 85' lang='lat' dir='ltr'>Similiter</span> <span class='ocrx_word' id='word_1_152' title='bbox 1086 2822 1189 2886; x_wconf 90' lang='lat' dir='ltr'>etiam</span> 
     </span>
     <span class='ocr_line' id='line_1_24' title="bbox 135 2909 1154 3012; baseline -0.003 -22"><span class='ocrx_word' id='word_1_153' title='bbox 135 2926 176 2991; x_wconf 90' lang='lat' dir='ltr'>de</span> <span class='ocrx_word' id='word_1_154' title='bbox 192 2926 403 2995; x_wconf 84' lang='lat' dir='ltr'>inferioribus</span> <span class='ocrx_word' id='word_1_155' title='bbox 420 2928 651 2992; x_wconf 87' lang='lat' dir='ltr'>ecclesiasticis</span> <span class='ocrx_word' id='word_1_156' title='bbox 668 2909 890 3012; x_wconf 85' lang='lat' dir='ltr'>dignitatibus</span> <span class='ocrx_word' id='word_1_157' title='bbox 907 2926 1154 2990; x_wconf 89' lang='lat' dir='ltr'>constituimus.</span> 
     </span>
    </p>

    <p class='ocr_par' dir='ltr' id='par_1_5' title="bbox 134 3030 1194 3950">
     <span class='ocr_line' id='line_1_25' title="bbox 180 3030 1190 3116; baseline -0.003 -22"><span class='ocrx_word' id='word_1_158' title='bbox 180 3031 267 3097; x_wconf 90' lang='lat' dir='ltr'>Item</span> <span class='ocrx_word' id='word_1_159' title='bbox 282 3033 311 3096; x_wconf 89' lang='lat' dir='ltr'>si</span> <span class='ocrx_word' id='word_1_160' title='bbox 327 3033 402 3116; x_wconf 89' lang='lat' dir='ltr'>quis</span> <span class='ocrx_word' id='word_1_161' title='bbox 418 3033 655 3116; x_wconf 90' lang='lat' dir='ltr'>imperatorum</span> <span class='ocrx_word' id='word_1_162' title='bbox 672 3053 788 3116; x_wconf 87' lang='lat' dir='ltr'>regum</span> <span class='ocrx_word' id='word_1_163' title='bbox 812 3031 937 3094; x_wconf 74' lang='lat' dir='ltr'>(lucum</span> <span class='ocrx_word' id='word_1_164' title='bbox 959 3030 1190 3094; x_wconf 91' lang='lat' dir='ltr'>marchionum</span> 
     </span>
     <span class='ocr_line' id='line_1_26' title="bbox 135 3136 1192 3220; baseline -0.006 -18"><span class='ocrx_word' id='word_1_165' title='bbox 135 3138 296 3202; x_wconf 89' lang='lat' dir='ltr'>comitum</span> <span class='ocrx_word' id='word_1_166' title='bbox 312 3136 366 3200; x_wconf 91' lang='lat' dir='ltr'>vel</span> <span class='ocrx_word' id='word_1_167' title='bbox 384 3137 527 3220; x_wconf 89' lang='lat' dir='ltr'>quilibet</span> <span class='ocrx_word' id='word_1_168' title='bbox 542 3137 765 3200; x_wconf 88' lang='lat' dir='ltr'>saecularium</span> <span class='ocrx_word' id='word_1_169' title='bbox 780 3142 987 3219; x_wconf 85' lang='lat' dir='ltr'>potestatum</span> <span class='ocrx_word' id='word_1_170' title='bbox 1003 3141 1063 3196; x_wconf 88' lang='lat' dir='ltr'>aut</span> <span class='ocrx_word' id='word_1_171' title='bbox 1083 3155 1192 3218; x_wconf 89' lang='lat' dir='ltr'>perso·</span> 
     </span>
     <span class='ocr_line' id='line_1_27' title="bbox 134 3237 1193 3325; baseline -0.005 -21"><span class='ocrx_word' id='word_1_172' title='bbox 134 3263 254 3304; x_wconf 91' lang='lat' dir='ltr'>narum</span> <span class='ocrx_word' id='word_1_173' title='bbox 271 3241 507 3304; x_wconf 86' lang='lat' dir='ltr'>investituram</span> <span class='ocrx_word' id='word_1_174' title='bbox 523 3241 776 3325; x_wconf 88' lang='lat' dir='ltr'>episcopatuum</span> <span class='ocrx_word' id='word_1_175' title='bbox 789 3240 844 3303; x_wconf 92' lang='lat' dir='ltr'>vel</span> <span class='ocrx_word' id='word_1_176' title='bbox 860 3239 1003 3322; x_wconf 82' lang='lat' dir='ltr'>alicujus</span> <span class='ocrx_word' id='word_1_177' title='bbox 1020 3237 1193 3302; x_wconf 90' lang='lat' dir='ltr'>ecclesias-</span> 
     </span>
     <span class='ocr_line' id='line_1_28' title="bbox 134 3341 1191 3431; baseline -0.004 -23"><span class='ocrx_word' id='word_1_178' title='bbox 134 3347 219 3408; x_wconf 89' lang='lat' dir='ltr'>ticae</span> <span class='ocrx_word' id='word_1_179' title='bbox 243 3345 418 3431; x_wconf 80' lang='lat' dir='ltr'>dignitatis</span> <span class='ocrx_word' id='word_1_180' title='bbox 442 3344 520 3409; x_wconf 89' lang='lat' dir='ltr'>dare</span> <span class='ocrx_word' id='word_1_181' title='bbox 543 3344 812 3429; x_wconf 87' lang='lat' dir='ltr'>praesumpserit,</span> <span class='ocrx_word' id='word_1_182' title='bbox 829 3342 979 3427; x_wconf 85' lang='lat' dir='ltr'>ejusdem</span> <span class='ocrx_word' id='word_1_183' title='bbox 1001 3341 1191 3404; x_wconf 87' lang='lat' dir='ltr'>sententiae</span> 
     </span>
     <span class='ocr_line' id='line_1_29' title="bbox 134 3444 1189 3530; baseline -0.004 -19"><span class='ocrx_word' id='word_1_184' title='bbox 134 3450 270 3512; x_wconf 88' lang='lat' dir='ltr'>vinculo</span> <span class='ocrx_word' id='word_1_185' title='bbox 295 3471 330 3512; x_wconf 88' lang='lat' dir='ltr'>se</span> <span class='ocrx_word' id='word_1_186' title='bbox 356 3449 552 3512; x_wconf 85' lang='lat' dir='ltr'>obstrictum</span> <span class='ocrx_word' id='word_1_187' title='bbox 578 3471 647 3512; x_wconf 85' lang='lat' dir='ltr'>esse</span> <span class='ocrx_word' id='word_1_188' title='bbox 673 3449 767 3511; x_wconf 85' lang='lat' dir='ltr'>sciat.</span> <span class='ocrx_word' id='word_1_189' title='bbox 822 3446 965 3530; x_wconf 89' lang='lat' dir='ltr'>Insuper</span> <span class='ocrx_word' id='word_1_190' title='bbox 989 3446 1100 3520; x_wconf 84' lang='lat' dir='ltr'>etiarn,</span> <span class='ocrx_word' id='word_1_191' title='bbox 1125 3444 1189 3507; x_wconf 88' lang='lat' dir='ltr'>nisi</span> 
     </span>
     <span class='ocr_line' id='line_1_30' title="bbox 134 3547 1194 3638; baseline -0.007 -22"><span class='ocrx_word' id='word_1_192' title='bbox 134 3554 306 3638; x_wconf 87' lang='lat' dir='ltr'>resipiscat</span> <span class='ocrx_word' id='word_1_193' title='bbox 321 3560 356 3616; x_wconf 91' lang='lat' dir='ltr'>et</span> <span class='ocrx_word' id='word_1_194' title='bbox 367 3553 526 3617; x_wconf 89' lang='lat' dir='ltr'>ecclesiae</span> <span class='ocrx_word' id='word_1_195' title='bbox 543 3553 711 3637; x_wconf 89' lang='lat' dir='ltr'>propriam</span> <span class='ocrx_word' id='word_1_196' title='bbox 726 3552 916 3615; x_wconf 87' lang='lat' dir='ltr'>libertatem</span> <span class='ocrx_word' id='word_1_197' title='bbox 934 3549 1094 3623; x_wconf 89' lang='lat' dir='ltr'>dimittat,</span> <span class='ocrx_word' id='word_1_198' title='bbox 1108 3547 1194 3610; x_wconf 87' lang='lat' dir='ltr'>divi·</span> 
     </span>
     <span class='ocr_line' id='line_1_31' title="bbox 135 3652 1190 3739; baseline -0.006 -21"><span class='ocrx_word' id='word_1_199' title='bbox 135 3678 197 3720; x_wconf 90' lang='lat' dir='ltr'>nae</span> <span class='ocrx_word' id='word_1_200' title='bbox 213 3657 509 3721; x_wconf 89' lang='lat' dir='ltr'>animadversionis</span> <span class='ocrx_word' id='word_1_201' title='bbox 526 3657 689 3720; x_wconf 90' lang='lat' dir='ltr'>ultionem</span> <span class='ocrx_word' id='word_1_202' title='bbox 705 3657 740 3719; x_wconf 88' lang='lat' dir='ltr'>in</span> <span class='ocrx_word' id='word_1_203' title='bbox 756 3656 818 3718; x_wconf 89' lang='lat' dir='ltr'>hac</span> <span class='ocrx_word' id='word_1_204' title='bbox 840 3654 1007 3739; x_wconf 87' lang='lat' dir='ltr'>praesenti</span> <span class='ocrx_word' id='word_1_205' title='bbox 1027 3652 1097 3715; x_wconf 90' lang='lat' dir='ltr'>vita</span> <span class='ocrx_word' id='word_1_206' title='bbox 1120 3658 1190 3713; x_wconf 89' lang='lat' dir='ltr'>tarn</span> 
     </span>
     <span class='ocr_line' id='line_1_32' title="bbox 134 3755 1192 3845; baseline -0.009 -21"><span class='ocrx_word' id='word_1_207' title='bbox 134 3762 328 3845; x_wconf 88' lang='lat' dir='ltr'>incorpore</span> <span class='ocrx_word' id='word_1_208' title='bbox 353 3784 413 3824; x_wconf 91' lang='lat' dir='ltr'>suo</span> <span class='ocrx_word' id='word_1_209' title='bbox 437 3783 538 3845; x_wconf 87' lang='lat' dir='ltr'>quarn</span> <span class='ocrx_word' id='word_1_210' title='bbox 561 3762 679 3824; x_wconf 84' lang='lat' dir='ltr'>ceteris</span> <span class='ocrx_word' id='word_1_211' title='bbox 705 3759 804 3824; x_wconf 89' lang='lat' dir='ltr'>rebus</span> <span class='ocrx_word' id='word_1_212' title='bbox 829 3759 898 3821; x_wconf 85' lang='lat' dir='ltr'>suis</span> <span class='ocrx_word' id='word_1_213' title='bbox 923 3757 1066 3830; x_wconf 86' lang='lat' dir='ltr'>sentiat3</span> <span class='ocrx_word' id='word_1_214' title='bbox 1091 3762 1130 3817; x_wconf 93' lang='lat' dir='ltr'>ut</span> <span class='ocrx_word' id='word_1_215' title='bbox 1156 3755 1192 3816; x_wconf 90' lang='lat' dir='ltr'>in</span> 
     </span>
     <span class='ocr_line' id='line_1_33' title="bbox 134 3863 804 3950; baseline -0.006 -21"><span class='ocrx_word' id='word_1_216' title='bbox 134 3865 284 3929; x_wconf 91' lang='lat' dir='ltr'>adventu</span> <span class='ocrx_word' id='word_1_217' title='bbox 301 3864 438 3928; x_wconf 91' lang='lat' dir='ltr'>Domini</span> <span class='ocrx_word' id='word_1_218' title='bbox 453 3866 590 3950; x_wconf 84' lang='lat' dir='ltr'>spiritus</span> <span class='ocrx_word' id='word_1_219' title='bbox 607 3865 719 3927; x_wconf 88' lang='lat' dir='ltr'>salvus</span> <span class='ocrx_word' id='word_1_220' title='bbox 736 3863 804 3926; x_wconf 88' lang='lat' dir='ltr'>liat.</span> 
     </span>
    </p>
   </div>
   <div class='ocr_carea' id='block_1_5' title="bbox 0 0 1388 4268">
    <p class='ocr_par' dir='ltr' id='par_1_6' title="bbox 0 0 1388 4268">
     <span class='ocr_line' id='line_1_34' title="bbox 0 0 1388 4268; baseline 0 0"><span class='ocrx_word' id='word_1_221' title='bbox 0 0 1388 4268; x_wconf 95' lang='lat' dir='ltr'> </span> 
     </span>
    </p>
   </div>
  </div>
 </body>
</html>
