2768 4268
166 295 229 358 148
388 309 519 354 suasor
542 307 748 354 imminuat
770 307 999 354 ooourrnrrs

164 479 301 563 ligiosos
318 485 352 540 et
367 477 531 540 seculares
549 476 722 539 venientes
745 475 788 539 ad
811 476 991 538 concilium
1014 474 1106 559 quod
1129 476 1219 540 idem

164 581 377 667 predecessor
404 580 548 643 duxerat
571 579 846 653 convocandum3
879 579 920 642 de
947 578 1055 642 heresi
1083 601 1218 663 quoqne

164 708 231 749 non
259 685 369 748 dubiis
400 693 435 747 et
462 684 603 759 levibus,
630 683 690 747 sed
722 682 912 746 difficilibus
943 691 978 747 et
1008 683 1218 748 evidentibus

164 790 369 876 argumentis
388 797 563 872 suspectus
579 786 730 851 habetur.
778 787 928 850 Plurima
944 788 972 849 si
989 787 1125 871 quidem
1141 809 1218 851 eum

164 895 337 958 commisse
355 893 499 976 perjuria
515 894 700 975 satispatet.
747 890 833 954 Nam
850 892 929 954 olim
948 913 1024 954 cum
1047 892 1083 954 in
1106 891 1217 957 Sicilie

163 997 313 1082 partibus
330 996 530 1071 morabatur,
544 998 636 1080 prins
654 1017 753 1080 quam
771 1003 857 1059 esset
873 995 915 1058 ad
931 997 1060 1079 imperii
1077 995 1219 1081 dignita-

164 1111 233 1167 tem
256 1103 393 1176 electus,
418 1123 528 1164 coram
552 1101 636 1164 bone
660 1101 814 1163 memorie
843 1098 883 1161 G.
909 1098 1023 1163 Sancti
1051 1100 1219 1164 Theodori

163 1206 303 1269 diacono
322 1205 493 1280 cardinali,
512 1206 707 1289 Apostolice
732 1203 827 1267 Sedis
845 1205 968 1289 legato,
986 1204 1092 1268 felicis
1115 1227 1219 1269 recor·

163 1310 307 1373 dationis
325 1310 522 1374 innocentio
538 1331 621 1392 pape
643 1307 873 1391 predecessore
897 1316 1011 1370 nostro
1034 1316 1070 1372 et
1091 1331 1219 1373 succes-

163 1413 292 1477 soribus
309 1415 380 1499 ejus
398 1414 616 1496 Ecclesieque
635 1414 782 1476 Romane
806 1435 865 1496 pro
889 1413 1100 1477 concessione
1124 1416 1218 1500 regni

164 1517 277 1581 Sicilie
296 1517 337 1580 ab
360 1517 475 1581 eadem
500 1517 650 1580 Ecclesia
674 1517 736 1580 sibi
760 1516 858 1591 facta,
875 1516 1046 1581 fidelitatis
1070 1519 1219 1601 prestitit

162 1623 398 1706 juramentum,
409 1631 444 1685 et
453 1622 541 1685 sicut
554 1621 687 1696 dicitur,
698 1620 785 1683 illud
795 1620 894 1696 idem,
904 1629 1083 1705 postquam
1091 1621 1135 1684 ad
1145 1644 1219 1685 ean-

164 1726 240 1789 dem
255 1726 456 1810 dignitatem
472 1725 599 1789 electus
617 1726 732 1788 extitit
745 1733 780 1788 et
792 1727 887 1789 venit
903 1725 945 1788 ad
960 1725 1094 1801 Urbem,
1107 1748 1218 1789 eoram
1273 1803 1278 1811 .

163 1829 279 1893 eodem
297 1830 494 1893 Innocentio
512 1831 580 1892 suis
597 1851 663 1913 que
677 1828 835 1893 fratribus
852 1829 1077 1893 cardinalibus
1094 1838 1129 1894 et
1144 1831 1218 1895 aliis

165 1934 278 1996 multis
291 1933 500 2016 presentibus
514 1934 634 2019 ligium
647 1933 832 1996 hominium
845 1935 880 1996 in
894 1934 965 2018 ejus
978 1933 1104 1997 faciens
1117 1937 1219 1998 mani-

164 2037 224 2100 bus
248 2039 431 2102 innovavit.
480 2036 611 2100 Deinde
636 2059 713 2100 cum
736 2039 772 2099 in
797 2038 973 2101 Alamania
996 2046 1094 2115 esset,
1111 2039 1218 2104 eidem

166 2142 361 2204 Innocentio
376 2150 409 2205 et
423 2143 493 2225 ipso
506 2141 679 2216 defuncte,
693 2140 777 2205 bone
791 2144 946 2205 memorie
966 2143 1117 2206 Honorio
1133 2165 1217 2228 pape

164 2245 385 2330 predecessori
402 2255 514 2309 nostro
531 2246 652 2329 atejus
669 2246 913 2309 successoribus
930 2269 967 2310 ac
984 2249 1047 2330 ipsi
1069 2248 1217 2312 Ecclesia

165 2350 321 2424 Romane,
348 2349 558 2433 presentibus
586 2351 717 2433 imperii
745 2350 949 2434 principibus
977 2359 1078 2435 atque
1103 2352 1219 2415 nobili-

164 2453 235 2528 bus,
251 2455 376 2538 juravit
400 2453 553 2529 honores,
569 2454 643 2538 jura
667 2461 702 2516 et
724 2456 948 2537 possessiones
971 2456 1119 2520 Romane
1140 2455 1219 2541 [Ec-

163 2559 280 2643 clesie]
300 2579 469 2641 proposse
486 2579 547 2620 suo
566 2579 698 2621 servare
722 2580 759 2620 ac
784 2567 959 2644 protegere
982 2559 1069 2623 bona
1091 2560 1166 2636 fide,
1184 2569 1219 2626 et

141 2678 142 2681 ’
164 2661 400 2745 quodcumque
426 2661 468 2724 ad
491 2683 609 2725 manus
629 2684 705 2725 suas
726 2664 915 2745 pervenerit
930 2664 1001 2727 sine
1018 2664 1218 2729 difficultate

163 2774 357 2849 procuraret
373 2767 559 2839 restituere,
577 2767 757 2829 nominatis
775 2769 957 2850 expressim
974 2768 1072 2833 dictis
1094 2792 1218 2854 posses·

163 2869 312 2933 sionibus
329 2871 363 2931 in
380 2870 572 2954 hujusmodi
591 2871 789 2955 juramento,
807 2871 898 2955 quod
914 2873 1127 2955 postmodum
1145 2896 1220 2938 con-

163 2975 311 3038 firmavit
323 2996 478 3037 coronam
493 2976 621 3057 imperii
637 2976 704 3059 jam
717 2975 868 3059 adeptus.
901 2975 967 3039 Sed
983 2977 1102 3040 horum
1115 2980 1219 3042 trium

76 3083 78 3089 ’
162 3079 426 3163 juramentorum
444 3080 601 3142 ternarius
625 3081 741 3142 extitit
758 3081 909 3154 violator,
927 3103 993 3143 non
1017 3083 1087 3147 sine
1111 3082 1221 3167 prodi-

163 3183 264 3245 tionis
281 3191 360 3245 nota
377 3191 411 3246 et
427 3183 494 3246 lese
513 3184 649 3247 crimine
666 3184 857 3267 majestatis.
906 3184 992 3247 Nam
1011 3195 1128 3250 contra
1151 3209 1221 3271 pre-

163 3286 272 3349 fatum
288 3286 556 3370 predecessorem
574 3286 775 3372 Gregorium
792 3296 825 3351 et
842 3288 961 3352 fratres
985 3311 1063 3353 suos
1088 3291 1220 3354 commi·

163 3392 308 3454 natorias
337 3390 467 3454 litteras
496 3389 620 3453 eisdem
648 3389 807 3453 fratribus
835 3390 1001 3455 destinare
1027 3414 1065 3456 ao
1091 3393 1219 3457 dictum

165 3493 365 3580 Gregorium
390 3494 479 3577 apud
503 3493 622 3556 fratres
646 3515 733 3569 suos,
751 3495 838 3557 sicut
857 3503 995 3578 apparet
1016 3519 1074 3581 per
1089 3497 1218 3561 litteras

163 3598 204 3661 ab
221 3598 336 3662 eodem
355 3607 435 3661 tunc
453 3597 595 3661 directas
612 3596 746 3671 eisdem,
760 3605 794 3660 et
807 3599 907 3661 etiam
924 3607 1024 3682 prout
1040 3600 1148 3663 fertur
1160 3623 1220 3684 per

164 3705 360 3766 universum
379 3702 447 3765 fere
467 3700 579 3764 orbem
603 3708 778 3775 terrarum,
795 3703 1030 3786 rmrltipliciter
1045 3702 1218 3769 diffamare
1288 3726 1291 3733 ·
