2768 4268
208 316 271 380 130
429 333 561 382 sannen
584 332 789 380 unornvxn
811 331 1040 380 nocuimurs.

207 611 349 674 tarrac
364 611 407 674 OF
421 611 631 674 PREDERIOK
645 611 684 673 H.
701 610 745 673 ΤΟ
766 610 860 673 KING
879 609 923 672 OF
943 610 1118 672 motura
1145 610 1263 692 (1227).

399 779 485 841 [Mart.
497 781 577 828 Paris.
589 781 656 827 Hist.
668 781 730 838 maj.
742 781 856 839 Anglor.,
868 780 950 837 Η,-Β,,
962 781 1008 825 111.
1019 778 1067 837 48.]

252 927 375 991 “Inter
390 934 514 991 ceteros
534 925 714 991 catholicos
738 947 833 1011 reges
857 925 986 989 litteras
1010 946 1091 988 auro
1113 924 1263 990 bullatas

207 1031 399 1118 Anglorum
416 1032 487 1117 regi
504 1031 697 1106 transmisit,
711 1051 899 1114 proponens
911 1030 946 1091 in
958 1028 1077 1093 iisdem
1089 1048 1260 1093 romanam

207 1135 390 1200 Ecclesiam
419 1143 531 1199 tantae
557 1135 625 1218 jam
648 1135 807 1198 avaritiae
830 1154 1024 1198 succensam
1047 1133 1202 1197 incendio
1226 1142 1263 1198 et

206 1241 477 1324 concupiscentia
500 1238 678 1303 manifesta
702 1238 793 1323 quod
815 1238 909 1302 bouis
932 1238 1167 1302 ecclesiasticis
1191 1260 1260 1302 non

205 1344 268 1407 sibi
294 1366 353 1428 pro
377 1353 457 1408 voto
482 1343 725 1408 sufficientibus
748 1344 974 1428 imperatores,
998 1364 1091 1428 reges
1115 1350 1150 1406 et
1172 1344 1263 1427 prin·

206 1449 295 1532 cipes
311 1448 531 1512 exhaeredare
549 1457 583 1513 et
595 1448 786 1512 tributarios
799 1448 1003 1511 constituere
1016 1469 1083 1510 non
1093 1447 1260 1511 veretur.''

251 1600 258 1613 .
283 1600 290 1614 .
316 1600 323 1614 .
349 1552 481 1616 Habeat
496 1561 608 1616 autem
625 1552 665 1617 de
683 1553 851 1636 premissis
868 1573 926 1616 rex
943 1552 1135 1638 Anglorum
1159 1574 1201 1615 ex
1224 1573 1262 1616 se

205 1656 277 1739 ipso
293 1658 483 1740 exemplum
500 1658 595 1742 cujus
617 1665 756 1741 patrem,
773 1679 885 1743 regem
908 1657 1036 1721 scilicet
1060 1656 1261 1732 Johannem,

206 1760 333 1823 tamdiu
367 1762 694 1825 excommunicatum
728 1763 841 1826 tenuit
877 1783 1052 1845 quousque
1084 1762 1194 1845 ipsum
1225 1770 1263 1826 et

205 1886 308 1949 regna
324 1865 396 1948 ejus
412 1865 591 1929 constituit
605 1865 668 1930 sub
684 1866 820 1930 tributo.
868 1866 1026 1929 Habeant
1041 1866 1143 1928 etiam
1162 1887 1262 1952 gene·

205 1968 319 2032 raliter
343 1991 456 2032 omnes
479 1968 568 2033 idem
595 1970 787 2054 exemplum
814 1968 855 2034 de
883 1971 1018 2036 comite.
1032 1970 1198 2033 Tolosano
1226 1979 1264 2034 et

205 2073 278 2136 aliis
295 2073 499 2157 principibus
516 2074 631 2138 multis
648 2096 792 2158 quorum
815 2082 918 2139 terras
943 2083 977 2139 et
999 2097 1156 2159 personas
1180 2084 1262 2139 tam·

206 2175 265 2239 diu
280 2177 342 2240 sub
357 2177 536 2241 interdicto
553 2178 752 2243 concludere
766 2179 913 2255 molitur,
927 2179 1032 2244 donec
1045 2181 1120 2244 illos
1136 2182 1263 2244 incon·

205 2282 347 2345 similem
360 2280 490 2367 redigat
502 2283 715 2357 servitutem3
728 2283 895 2357 simonias,
908 2286 1100 2348 exactiones
1111 2285 1262 2350 diversas

205 2392 240 2449 e't
266 2407 285 2448 a
309 2385 429 2449 seculis
455 2385 623 2449 inauditas
651 2409 734 2470 quas
766 2388 801 2449 in
833 2389 1070 2453 ecclesiasticas
1102 2412 1262 2473 personas

205 2490 409 2554 incessanter
425 2497 592 2566 exercent,
610 2513 727 2555 usuras
745 2492 938 2556 manifestas
963 2501 997 2557 et
1020 2494 1165 2558 falliatas
1189 2497 1263 2579 qui·

204 2593 266 2658 bus
290 2594 450 2658 hactenus
474 2596 654 2682 incognitis
678 2604 789 2660 totum
812 2598 977 2661 mundum
1001 2600 1165 2676 inficiunt,
1190 2623 1263 2684 pre·

205 2700 441 2774 termittimus3
463 2722 629 2764 sermones
643 2709 754 2765 tamen
767 2724 867 2787 super
879 2704 945 2768 mel
959 2706 1102 2769 mellitos
1116 2713 1151 2770 et
1160 2728 1263 2790 super

205 2804 317 2867 oleum
348 2803 494 2867 mollitos
521 2852 528 2867 .
558 2853 565 2867 .
594 2852 601 2866 .
629 2806 833 2871 insatiabiles
865 2810 1078 2896 sanguisuge,
1110 2805 1276 2875 dicentes¹

205 2908 331 2970 curiam
362 2929 532 2971 romanam
563 2930 633 2973 esse
666 2910 851 2975 Ecclesiam
883 2921 1022 2978 matrem
1047 2922 1195 2978 nostram
1223 2937 1263 2979 ac

204 3012 379 3087 nutricem,
409 3033 485 3075 cum
511 3013 556 3076 sit
587 3015 680 3076 curia
712 3024 886 3099 pretaxata
917 3019 1067 3080 omnium
1097 3019 1263 3082 malorum

204 3115 300 3179 radix
317 3124 351 3179 et
366 3117 470 3201 origo,
487 3138 555 3181 non
572 3126 737 3183 maternos
762 3120 820 3185 sed
844 3128 938 3185 actus
962 3144 1120 3187 exercens
1144 3144 1264 3187 nover-

205 3221 303 3295 cales,
317 3242 358 3282 ex
372 3221 516 3305 cognitis
532 3220 698 3286 fructibus
714 3224 783 3288 suis
801 3231 930 3288 certum
946 3225 1072 3290 iaciens
1089 3248 1266 3312 argumen-

205 3332 288 3387 tum.
335 3325 525 3389 Revolvant
542 3326 595 3390 hie
618 3328 738 3412 inclyti
761 3327 901 3392 barones
918 3330 1043 3415 Anglie
1068 3353 1152 3414 quos
1176 3352 1266 3415 papa
1310 3332 1313 3340 '

205 3428 423 3493 Innocentius
441 3430 578 3494 bullatis
595 3431 715 3495 litteris
733 3434 954 3497 communitos
980 3435 1142 3498 animavit
1165 3443 1204 3499 ut
1226 3436 1262 3499 in

204 3554 319 3617 regem
345 3533 534 3598 Joharinem
558 3537 653 3618 quasi
681 3536 829 3600 Ecclesie
854 3538 1027 3600 inimicum
1051 3539 1268 3624 insurgerent

206 3637 423 3713 obstinatum,
440 3638 498 3703 sed
514 3647 692 3723 postquam
709 3642 888 3704 enormiter
903 3651 1105 3706 memoratus
1129 3666 1188 3707 rex
1212 3651 1265 3709 est

205 3741 413 3816 incurvatus
446 3750 481 3805 ct
511 3764 545 3805 se
576 3765 742 3827 suumque
774 3767 915 3830 regnum
947 3746 1095 3810 Ecclesie
1128 3768 1266 3811 romane
