2768 4268
409 322 483 368 THE
507 321 811 369 HOHENSTAUFEN
833 322 978 369 PERIOD.
1157 305 1221 370 135

162 491 368 556 evidentiam
383 512 517 575 presens
533 492 696 574 scripturn
716 491 787 555 fieri
806 499 840 555 et
862 490 956 554 bulla
975 512 1074 556 aurea
1089 492 1220 577 typario

163 604 276 659 nostre
293 595 475 678 majestatis
492 595 651 679 impressa
666 595 824 679 jussimus
841 595 1048 658 communiri.

209 698 298 762 Data
313 698 403 782 apud
417 705 572 762 sanctum
589 697 794 762 Germanum
817 720 905 761 anno
929 699 1093 763 dominice
1116 700 1221 763 incar·

165 803 310 866 nationis
326 801 423 877 1230,
440 801 493 866 die
510 802 635 866 mensis
652 801 738 865 Julii
754 802 852 866 tertie
869 802 1073 867 indictionis.

661 1024 722 1090 IV.
789 1055 790 1058 ¹
1122 1041 1138 1074 ⁰

212 1179 292 1244 [July
304 1181 357 1245 23.]
386 1179 556 1245 (Guarantee
573 1180 606 1230 of
626 1181 715 1229 above
732 1181 769 1243 by
781 1180 925 1230 Patriarch
943 1180 976 1229 of
994 1181 1118 1241 Aquilea,
1132 1181 1220 1230 Arch-

165 1261 266 1324 bishop
279 1263 311 1312 of
328 1262 471 1325 salzburg,
484 1264 590 1324 Bishop
603 1262 636 1311 of
653 1263 842 1325 Regensburg,
856 1263 952 1311 Dukes
964 1264 1089 1324 Leopold
1102 1263 1134 1311 of
1150 1266 1219 1312 Aus-

165 1347 227 1405 tria,
241 1347 365 1395 Bernard
377 1346 410 1395 of
428 1344 579 1404 Corinthia,
592 1344 666 1394 Otho
680 1345 712 1394 of
731 1346 852 1408 Meran.)
1276 1340 1278 1347 '

210 1536 217 1550 .
243 1536 250 1551 .
276 1536 282 1550 .
306 1487 376 1551 Nos
388 1495 501 1550 autem
517 1487 734 1550 nihilominus
759 1488 857 1550 tactis
881 1489 1098 1551 sacrosanctis
1122 1510 1220 1553 evan-

165 1592 272 1677 geliic,
296 1589 684 1674 juravimusprocurare
710 1590 798 1653 bona
825 1590 900 1667 fide,
929 1590 1020 1675 quod
1047 1590 1219 1676 predictus

166 1696 345 1778 imperator
368 1694 519 1778 predicta
540 1694 696 1768 servabit,
724 1702 758 1757 ct
789 1701 904 1758 contra
934 1716 973 1759 ea
1003 1717 1069 1759 non
1095 1698 1218 1761 veniet.

167 1797 318 1877 Quodsi
341 1799 445 1874 fieret,
463 1799 527 1861 nisi
550 1797 638 1861 inira
661 1805 729 1862 tres
753 1820 883 1862 menses
905 1800 941 1862 in
964 1822 1116 1886 regnum,
1133 1801 1220 1864 infra

166 1913 312 1988 quatuor
327 1905 361 1966 in
380 1903 523 1979 ltaliam,
540 1903 628 1966 infra
645 1904 795 1987 quinque
812 1911 907 1967 extra
926 1904 1060 1969 Italiam
1084 1904 1220 1968 duxerit

165 2009 420 2084 emendandum,
453 2016 610 2092 potenter
639 2030 677 2071 ac
708 2016 863 2093 patenter
893 2008 936 2071 ad
965 2010 1219 2093 requisitionem

166 2115 304 2179 ecclesie
321 2115 513 2178 assistemus
530 2114 561 2176 ei
581 2121 697 2177 contra
721 2111 867 2177 eundem
890 2112 1062 2177 dominum
1085 2115 1220 2198 impera-

166 2226 283 2294 torem,
300 2219 404 2283 donec
421 2217 630 2283 satisfecerit.
679 2216 779 2296 Quod
795 2218 823 2281 si
842 2240 901 2301 per
924 2216 1097 2281 dominum
1120 2219 1221 2302 impe·
1281 2267 1283 2271 Α

166 2331 308 2388 retorem
325 2323 467 2398 steterit,
484 2321 576 2406 qnod
592 2322 732 2386 arbitros
749 2343 815 2385 non
833 2322 982 2408 elegerit,
1001 2323 1055 2386 vel
1079 2323 1222 2399 arbitros

165 2427 386 2512 impediveret
401 2449 442 2491 ne
458 2427 652 2511 procedant,
669 2448 729 2489 nos
746 2427 884 2490 ecclesie
902 2426 1098 2501 tenebimur,
1115 2434 1154 2490 ut
1169 2435 1220 2490 est

164 2534 336 2616 scriptum.
383 2530 417 2595 Si
434 2540 546 2595 autem
562 2532 702 2595 ecclesia
725 2531 865 2594 arbitros
889 2529 967 2595 dare
991 2531 1148 2606 noluerit,
1165 2531 1219 2594 vel

166 2635 260 2698 datos
281 2636 503 2719 impediverit,
521 2657 562 2698 ne
587 2633 779 2718 procedant,
797 2656 857 2698 nos
881 2657 923 2698 ex
947 2643 1028 2697 tunc
1053 2641 1217 2718 qnantum

166 2739 312 2802 adhunc
329 2740 510 2802 articulum
526 2761 593 2801 non
611 2738 799 2802 tenebimur
813 2739 1010 2822 juramento
1050 2738 1106 2801 Ad
1123 2739 1218 2822 cujus

167 2843 212 2906 rei
244 2843 436 2905 memoriam
466 2863 600 2926 presens
631 2843 794 2925 scriptum
826 2842 897 2905 fieri
927 2842 1067 2906 fecimus
1097 2842 1218 2927 sigillis

167 2948 287 3009 nostris
312 2947 565 3010 communitum.

209 3050 299 3113 Data
315 3049 405 3133 apud
419 3057 573 3113 sanctum
590 3049 796 3113 Germanum
815 3070 903 3113 anno
927 3049 1091 3113 dominice
1116 3051 1220 3113 incar-

168 3155 311 3217 nationis
328 3153 422 3229 1230,
441 3153 482 3216 23
498 3153 552 3217 die
569 3154 692 3217 mensis
710 3153 794 3216 Juiii
811 3154 909 3217 tertie
926 3152 1129 3217 indictionis.

676 3371 717 3432 V.

213 3512 339 3599 [Aug]
382 3511 571 3576 Fridericns
610 3509 674 3573 Dei
711 3509 830 3595 gratia,
862 3515 926 3571 etc.
988 3507 1054 3572 Per
1083 3529 1218 3591 presens

165 3618 327 3700 scriptum
343 3625 462 3680 notum
478 3616 548 3679 fieri
564 3614 720 3679 volumus
737 3613 901 3676 universis
918 3619 986 3676 tam
1010 3612 1218 3696 presentibus

165 3742 266 3804 quam
289 3720 425 3796 futuris,
449 3719 540 3804 quod
563 3740 624 3782 nos
651 3717 793 3782 fecimus
818 3717 980 3802 assignari
1006 3717 1038 3777 in
1068 3715 1219 3779 manibus
