2768 4268
286 353 422 401 camon
445 354 491 400 or
513 353 587 399 rau
609 352 852 400 raancoums
876 353 1079 401 aursnoas.
1166 339 1207 403 67

381 622 424 702 b)
454 619 518 683 Tae
537 619 741 683 Conuersione
757 619 795 700 of
806 617 923 703 Heury
946 619 981 684 V.

157 790 237 851 [Mitt.
246 791 291 838 des
299 791 362 837 lnst.
371 791 390 836 f.
399 789 447 836 list.
457 790 557 845 Gesch,
565 791 608 836 VI.
619 793 669 846 105,
678 791 805 850 asquoted
813 790 963 846 inDoeberl,
972 791 1007 835 M.
1018 790 1047 836 G.
1058 789 1204 850 S.,111.60.]

199 934 390 997 innomine
409 941 524 998 sancte
548 942 582 998 et
604 932 777 997 individue
798 933 959 997 trinitatis
976 932 1060 1018 Ego,
1077 931 1209 997 Heinri-

156 1060 224 1113 cus,
253 1038 317 1102 Dei
347 1039 456 1124 gratia
484 1037 710 1101 Romanorum
738 1038 923 1120 Imperator
945 1044 1120 1122 augustus,
1148 1059 1208 1121 pro

155 1163 264 1206 amore
288 1141 341 1206 dei
365 1149 400 1205 et
421 1149 536 1206 sancte
565 1141 712 1205 Romane
738 1141 876 1205 ecclesie
900 1148 935 1205 et
959 1139 1091 1205 domine
1117 1140 1208 1225 Papc

156 1245 292 1322 Calixti,
309 1253 344 1310 et
358 1267 418 1330 pro
434 1245 580 1309 remedio
595 1247 705 1309 anime
722 1266 794 1309 mee
810 1244 943 1308 dimitto
960 1244 1021 1308 deo
1037 1251 1072 1309 et
1083 1246 1208 1308 sanctis

154 1349 208 1414 dei
230 1350 390 1434 apostolis
414 1349 526 1424 Petro,
543 1357 578 1413 et
594 1348 712 1424 Paulo,
728 1355 911 1432 sancteque
927 1348 1091 1412 catholice
1107 1350 1210 1413 eccle·

154 1455 211 1529 sie,
239 1476 370 1518 omnem
401 1453 637 1517 investituram
662 1475 721 1537 per
747 1453 887 1516 anulum
913 1460 949 1516 et
979 1451 1146 1528 baculum,
1173 1461 1209 1517 et

155 1557 302 1621 concedo
325 1558 360 1619 in
383 1557 538 1620 omnibus
559 1557 707 1620 ecclesiis
731 1578 796 1640 que
819 1557 856 1618 in
878 1577 982 1642 regno
998 1556 1054 1619 vel
1069 1556 1208 1641 imperio

155 1682 228 1725 meo
244 1668 334 1736 sunt,
351 1661 546 1724 canonicam
569 1660 641 1724 fieri
664 1660 863 1724 electionem
886 1667 921 1723 et
943 1659 1082 1723 liberam
1098 1682 1210 1724 conse-

155 1765 346 1828 crationem.
392 1762 621 1827 Possessiones
652 1771 687 1828 et
716 1764 841 1849 regalia
871 1763 959 1828 beati
983 1763 1078 1827 Petri
1099 1785 1209 1847 quea

155 1869 317 1951 principio
339 1867 441 1931 huius
461 1866 624 1932 discordie
641 1888 748 1951 usque
764 1867 807 1930 ad
822 1867 1016 1931 hodiernam
1032 1867 1121 1936 diem
1136 1868 1206 1932 sine

155 1981 302 2055 tempore
334 1972 437 2055 patris
469 1971 533 2035 mei
564 1972 634 2035 sive
658 1972 760 2035 etiam
783 1992 856 2035 meo
879 1971 990 2034 ablata
1019 1979 1109 2047 sunt,
1141 1994 1206 2056 que

154 2075 268 2150 habeo,
293 2075 404 2140 eidem
426 2083 542 2140 sancte
567 2075 714 2139 Romane
738 2076 877 2139 ecclesie
901 2075 1053 2151 restituo,
1070 2097 1135 2159 que
1153 2097 1209 2139 au·

154 2188 223 2243 tem
247 2200 316 2242 non
338 2178 453 2255 habeo,
477 2185 517 2243 ut
538 2180 763 2243 restituantur
785 2178 929 2243 fideliter
951 2180 1084 2264 juvabo.
1130 2179 1209 2244 Pos-

153 2284 317 2348 sessiones
327 2284 429 2347 etiam
438 2284 579 2346 aliarum
591 2284 738 2346 omnium
749 2284 965 2348 ecclesiarum
974 2290 1009 2347 et
1017 2285 1206 2368 principum

153 2396 188 2452 et
202 2388 345 2451 aliorum
363 2395 433 2450 tam
455 2387 655 2452 elericorum
670 2408 772 2471 quam
793 2388 1034 2472 laicorumque
1051 2388 1085 2450 in
1103 2409 1208 2452 werra

154 2493 217 2556 ista
243 2492 362 2556 amisse
388 2498 478 2567 sunt,
505 2492 644 2556 oonsilio
675 2492 864 2576 principum
890 2491 945 2555 vel
975 2492 1109 2576 justicia
1140 2514 1205 2576 que

153 2595 259 2661 habeo
289 2596 437 2673 reddam,
463 2616 529 2680 que
560 2617 628 2659 non
654 2595 759 2660 habeo
790 2604 830 2659 ut
854 2594 1038 2659 reddantur
1063 2596 1207 2660 fideliter

152 2699 283 2784 juvabo.
332 2699 378 2763 Et
407 2698 451 2764 do
482 2721 595 2764 veram
625 2721 742 2783 paoem
772 2699 906 2763 domino
937 2699 1028 2783 Pape
1060 2698 1205 2776 Calixt0,

153 2812 336 2888 sancteque
359 2804 508 2868 Romane
532 2804 671 2869 ecclesie
694 2811 729 2868 et
751 2804 905 2868 omnibus
922 2804 1031 2887 quiin
1047 2811 1140 2888 parte
1159 2805 1208 2889 ip-

153 2909 222 2972 sius
237 2915 319 2972 sunt
334 2908 389 2972 vel
405 2907 553 2984 fuerunt,
570 2916 604 2972 et
619 2909 655 2970 in
670 2907 792 2991 quibus
808 2915 924 2972 sancta
940 2908 1090 2972 Romana
1106 2909 1207 2972 eccle·

153 3013 201 3076 sia
216 3013 382 3102 auxilium
405 3012 636 3096 postulaverit,
659 3011 803 3076 fideliter
825 3011 958 3096 juvab0,
976 3011 1066 3075 etde
1083 3012 1205 3096 quibus

153 3116 235 3179 mihi
250 3115 369 3180 fecerit
384 3116 635 3200 querimoniam,
652 3114 798 3180 debitam
813 3116 875 3179 sibi
891 3115 1012 3179 faciam
1027 3117 1204 3200 justiciam.

156 3220 226 3284 Hec
254 3220 366 3284 omnia
390 3229 465 3284 acta
488 3228 570 3284 sunt
593 3241 758 3284 consensu
784 3227 818 3284 et
842 3220 978 3283 consilio
1004 3220 1204 3304 principum.

155 3323 309 3402 Quorum
324 3325 461 3387 nomina
476 3324 664 3408 subscripta
678 3331 776 3388 sunt:
802 3323 1007 3388 Adelbertus
1031 3324 1207 3408 archiepis·

153 3449 256 3513 copus
272 3428 497 3514 Moguntinus
514 3429 552 3491 F.
569 3428 780 3492 Coloniensis
801 3428 1078 3512 archiepiscopus,
1096 3427 1141 3490 H.
1158 3449 1207 3490 ra-

153 3532 354 3596 tisbonensis
377 3534 562 3617 episcopua,
587 3531 628 3596 0.
652 3533 932 3619 bavenbergensis
956 3534 1140 3617 episcopus,
1165 3532 1204 3594 B.

152 3637 311 3720 spirensis
334 3637 518 3720 episcopua,
536 3635 580 3698 H.
597 3637 821 3721 augustensis
842 3635 883 3698 G.
903 3636 1121 3719 trajectensis,
1139 3633 1205 3698 Ou.

153 3740 421 3815 constantiensis,
449 3739 488 3801 E.
519 3739 618 3803 abbas
645 3738 880 3822 w(u)ldensis,
913 3738 1094 3802 Heinricus
1124 3737 1206 3814 dux,
