2768 4268
195 323 258 388 150
354 374 356 377 .
417 340 548 388 sunncr
571 341 776 388 nnornvnn
799 342 1027 390 nocumnnrs.

194 517 342 593 tempore
359 509 448 593 pacis
464 509 552 573 inter
568 509 677 594 ipsum
693 518 728 574 et
744 510 928 574 Ecclesiam
944 509 1125 576 reformate
1146 513 1251 597 juras·

193 621 245 677 set
268 634 379 676 coram
401 612 486 676 boue
510 615 666 677 memorie
695 613 721 675 I.
746 613 787 677 de
812 613 953 678 Abbatis
978 614 1072 678 Villa
1094 615 1250 700 episeopo

194 716 368 781 Sabinensi
395 726 430 780 et
457 718 615 802 magistro
643 717 822 782 Thomasio
850 718 942 782 tituli
975 716 1097 783 Sancte
1127 718 1248 785 Sabine

192 821 376 906 presbitero
400 820 571 897 cardinali,
592 821 802 905 presentibus
826 823 942 886 multis
966 824 1113 907 prelatis,
1128 824 1249 907 princi-

192 925 290 1010 pibus
307 934 341 989 et
356 924 535 989 baronibus
553 925 643 1009 quod
661 934 766 989 staret
782 934 817 990 et
833 935 964 1009 pararet
979 928 1105 1011 precise
1116 928 1248 1012 absque

193 1030 264 1092 ulla
289 1028 483 1093 condicione
509 1029 663 1092 omnibus
689 1029 853 1094 mandatis
883 1031 1031 1096 Ecclesie
1059 1032 1248 1116 superbiis

193 1154 254 1217 pro
281 1133 402 1216 quibus
433 1141 504 1197 erat
527 1134 664 1197 vinculo
692 1135 1048 1199 excommunicationis
1079 1136 1247 1213 astrictus

193 1238 301 1300 causis
329 1239 681 1302 excommunicationis
711 1238 861 1323 ejusdem
888 1240 1051 1323 expressis
1079 1261 1138 1324 per
1164 1240 1248 1303 ordi-

193 1363 270 1404 nem
298 1362 408 1404 coram
435 1363 484 1417 ec,
512 1350 593 1405 tunc
622 1343 774 1406 omnibus
803 1343 1029 1419 Theotonieis,
1057 1343 1246 1408 hominibus

193 1446 289 1530 regni
315 1443 427 1509 Sicilie
452 1469 489 1510 ao
515 1447 637 1531 quibus
662 1447 746 1511 libet
770 1448 844 1511 aliis
870 1449 929 1531 qui
955 1448 1105 1512 Ecclesie
1129 1456 1247 1513 contra

192 1550 303 1634 ipsum
319 1548 528 1626 adheserant,
544 1573 677 1615 omnem
696 1552 869 1616 remittens
887 1550 1048 1616 offensam
1065 1560 1099 1616 et
1114 1574 1245 1636 penam,

194 1663 229 1718 et
255 1653 347 1738 quod
374 1655 468 1717 nullo
495 1663 643 1739 tempore
671 1654 858 1720 offenderet
885 1656 939 1720 vel
969 1653 1095 1720 offe'ndi
1122 1656 1248 1722 faceret

193 1760 281 1843 ipsos
297 1781 356 1843 pro
372 1782 411 1824 eo
427 1759 519 1844 quod
543 1759 692 1824 Ecclesie
713 1761 899 1836 astiterant,
916 1761 1055 1843 prestari
1078 1761 1113 1823 in
1135 1761 1247 1826 anima

193 1888 253 1929 sua
276 1887 335 1949 per
359 1866 516 1928 comitem
532 1864 734 1928 Acerrarum
757 1863 882 1928 faciens
906 1865 1143 1948 juramentum,
1160 1873 1248 1949 post

193 1969 331 2033 modum
346 1990 462 2053 pacem
478 1977 512 2033 et
526 1968 714 2053 juramenta
730 1967 932 2052 hujusmodi,
946 1989 1159 2052 nequaquam
1175 1990 1250 2033 eru-

193 2074 329 2138 bescens
345 2074 466 2137 irretiri
485 2073 650 2157 perjuriis,
666 2093 732 2135 uon
749 2073 905 2136 servavit.
952 2071 1141 2137 Nonnullos
1157 2074 1247 2136 enim

193 2201 235 2242 ex
252 2179 331 2262 ipsis
348 2176 536 2240 homiuibus
554 2184 622 2239 tam
639 2176 760 2240 nobilis
777 2197 877 2259 quam
895 2177 976 2240 alios
992 2184 1108 2260 postea
1124 2178 1248 2260 capiet

193 2283 392 2346 incarcerari
410 2281 492 2346 fecit
508 2288 543 2345 et
558 2282 604 2344 eis
621 2280 715 2343 bonis
732 2281 800 2344 suis
816 2280 970 2344 omnibus
993 2281 1143 2365 spoliatis
1166 2289 1248 2345 uxo-

193 2410 244 2452 res
261 2409 376 2451 eorum
393 2394 427 2449 et
443 2386 528 2448 filios
550 2386 724 2468 captivari,
748 2406 785 2447 ae
809 2385 946 2468 insuper
968 2392 1073 2448 terras
1097 2384 1246 2450 Ecclesie

194 2500 309 2556 contra
326 2492 575 2574 promissionem
592 2511 693 2572 quam
710 2487 834 2552 eisdem
850 2488 877 2550 l.
895 2488 1068 2553 Sabiuensi
1089 2490 1247 2574 episcopo

193 2604 228 2661 et
244 2597 283 2658 T.
301 2595 473 2659 Cardinali
490 2594 624 2669 fecerat,
641 2594 860 2657 irreverenter
877 2594 1010 2668 invasit,
1026 2594 1108 2657 licet
1123 2594 1187 2677 ipsi
1203 2616 1246 2657 ex

194 2709 275 2764 tunc
299 2701 334 2762 in
359 2722 434 2763 eum
457 2706 644 2782 presentem
667 2699 695 2760 si
720 2696 889 2759 ullomodo
914 2697 1073 2780 predictis
1097 2698 1247 2762 articulis

194 2813 254 2868 aut
288 2803 536 2868 conditionibus
571 2810 686 2865 contra
721 2802 859 2875 veniret,
891 2802 1246 2866 excommunicationis

193 2910 395 2973 sententiam
411 2908 674 2992 promulgarent.
721 2906 766 2968 Et
789 2927 866 2968 cum
889 2905 991 2968 iidem
1014 2906 1194 2990 apostoliea
1217 2906 1247 2969 ei

194 3015 393 3077 auctoritate
422 3012 636 3076 mandassent
663 3017 702 3073 ut
731 3032 791 3073 nec
823 3032 882 3093 per
908 3031 942 3072 se
970 3031 1030 3073 nec
1059 3032 1118 3094 per
1143 3011 1248 3073 alium

193 3117 370 3201 impediret
391 3117 474 3200 quin
498 3116 751 3199 postulationes,
769 3114 948 3177 electiones
973 3121 1007 3177 et
1028 3113 1250 3178 confirmatio

194 3244 252 3285 nes
266 3223 481 3285 ecclesiarum
494 3227 527 3283 et
539 3219 815 3282 monasteriorum
832 3219 866 3280 in
883 3239 986 3303 regno
1000 3217 1128 3302 prefato
1144 3218 1247 3282 libere

195 3326 235 3389 de
253 3335 362 3389 cetero
379 3325 498 3388 fierent
513 3323 697 3386 secuudum
714 3330 842 3386 statuta
865 3323 996 3385 concilii
1020 3322 1196 3408 generalia,
1213 3329 1249 3386 et

195 3429 287 3513 quod
302 3430 412 3492 nullas
429 3428 585 3511 deinceps
601 3428 637 3489 in
653 3426 769 3490 eodem
790 3448 894 3511 regno
910 3427 990 3490 viris
1015 3427 1248 3490 ecclesiasticis

195 3555 232 3597 ac
251 3533 348 3597 rebus
365 3555 479 3597 eorum
501 3533 689 3615 imponeret
711 3531 808 3593 talias
825 3530 879 3593 vel
904 3531 1072 3606 collectas
1090 3529 1248 3614 quodque

195 3639 309 3700 nullus
327 3638 467 3700 clericus
485 3636 607 3699 ibidem
621 3635 675 3699 vel
692 3656 831 3717 persona
847 3635 1071 3698 ecclesiastica
1084 3633 1124 3698 de
1138 3640 1247 3697 cetero
1324 3720 1326 3725 Ι

195 3743 230 3804 iu
248 3742 340 3805 civili
356 3741 410 3804 vel
434 3740 599 3803 criminali
623 3760 722 3802 causa
745 3738 982 3801 conveniretur
1005 3759 1112 3801 coram
1136 3735 1247 3821 judice
