2768 4268
415 358 490 403 Tris
512 356 812 404 HOHaNsrAUFEN
836 356 981 403 PERIOD.
1184 343 1224 408 97
1313 328 1316 334 Ι

168 526 311 591 rundam
336 534 525 590 nostrorum
548 547 615 588 non
639 525 816 589 immodica
840 524 1013 589 videretur
1035 548 1077 591 ex
1102 527 1225 592 fiducia

168 639 300 694 nostrae
331 631 481 694 lenitatis
512 629 712 693 seducenda.
774 629 884 715 Igitur
915 630 985 692 zelo
1022 630 1226 695 reformandi

166 735 296 799 decoris
313 733 430 797 domus
452 734 517 797 Dei
540 732 709 796 ardentius
733 734 874 808 accensi,
892 754 969 796 curn
991 755 1103 819 regem
1127 735 1227 798 Fran-

165 860 293 914 corum,
310 839 379 922 qui,
398 838 492 900 nulla
508 845 622 901 nostra
639 837 739 921 culpa
761 845 954 919 praeeunte,
972 859 1038 900 una
1062 860 1138 902 cum
1165 840 1226 903 Ro-

165 943 276 1018 lando,
293 943 421 1026 imperii
447 943 552 1004 nostri
576 941 672 1005 hoste
697 940 840 1024 publice,
861 941 1000 1025 ejusque
1024 943 1225 1025 sequacibus

165 1047 371 1132 imperialem
389 1054 541 1109 nostrum
558 1045 719 1109 honorem
736 1044 912 1108 manifeste
930 1045 1067 1108 molitur
1082 1047 1223 1124 auferre,

165 1161 241 1236 post
267 1152 391 1214 multos
419 1160 549 1213 nostros
579 1150 781 1212 ammonitus
814 1149 1065 1213 irrevocabilem
1095 1172 1226 1234 persen-

164 1255 332 1331 sissemus,
350 1255 514 1319 universis
538 1255 643 1318 nostri
667 1255 798 1337 imperii
820 1253 1025 1337 principibus
1049 1255 1084 1316 111
1108 1264 1224 1319 sancto

163 1367 358 1444 pentecoste
376 1361 502 1422 curiam
518 1359 709 1444 generalem
728 1357 947 1422 Wirzeburoh
963 1358 1158 1424 indiximus.

209 1463 364 1542 Quorum
390 1473 488 1527 coetu
516 1463 728 1527 celeberrimo
754 1461 877 1525 ibidem
901 1463 1117 1546 solempniter
1140 1465 1224 1529 cele-

163 1567 268 1643 brate,
292 1568 451 1632 ecclesiae
480 1567 544 1631 Dei
572 1576 698 1631 statum
724 1589 761 1631 ac
791 1566 918 1630 domini
944 1589 1047 1651 papae
1076 1568 1223 1633 Pascalis

163 1673 336 1757 negotium
353 1673 438 1736 serio
453 1693 491 1735 ac
513 1673 685 1757 magnifice
712 1671 870 1735 duximus
895 1672 1126 1736 roborandum.
1172 1673 1225 1736 In-

163 1783 283 1840 vocata
298 1777 404 1862 igitur
423 1775 637 1840 devotissime
665 1775 811 1859 Spiritus
835 1777 942 1840 sancti
966 1777 1073 1861 gratia
1096 1787 1131 1841 et
1154 1780 1225 1840 uni-

163 1902 344 1954 versorum,
362 1882 421 1964 qui
444 1880 594 1956 aderant,
615 1881 754 1944 consilio
780 1881 881 1944 altius
906 1882 1161 1957 communicem,
1180 1882 1225 1945 ad

163 1984 400 2049 removendam
411 2007 543 2048 omnem
557 2007 690 2069 prorsus
702 1986 957 2070 ambiguitatem
971 1987 1033 2069 ipsi
1049 2008 1108 2080 1161
1122 2009 1224 2050 manu

163 2090 296 2173 propria
316 2111 417 2172 super
440 2098 632 2153 sanctorum
658 2090 816 2173 reliquias
841 2091 1066 2175 juramentum
1091 2091 1222 2175 publice

164 2194 402 2276 praestitimus,
434 2193 526 2278 quod
567 2194 757 2257 llolarrdum
792 2197 1018 2259 scismaticum
1050 2197 1104 2260 vel
1136 2218 1223 2272 eum,

164 2318 265 2379 quem
288 2319 362 2381 pars
386 2299 489 2383 ipsius
514 2298 662 2383 clegerit,
689 2301 724 2362 in
749 2321 869 2383 papam
893 2322 1067 2384 nunquam
1090 2302 1224 2384 recipie·

164 2422 238 2465 mus
255 2423 315 2465 neo
332 2401 374 2464 ad
397 2424 474 2465 eum
498 2403 726 2486 recipiendum
753 2405 852 2467 alicui
879 2426 1027 2489 unquam
1050 2427 1223 2469 assensum

163 2505 411 2589 praebebimus3
436 2508 522 2569 nulli
536 2509 637 2571 etiam
652 2508 822 2573 frurtorum
837 2512 907 2595 ejus
921 2514 1061 2596 gratiam
1076 2523 1223 2577 nostram

163 2631 315 2694 unquam
330 2610 517 2686 reddemus,
535 2613 600 2675 nisi
617 2613 659 2676 ab
676 2637 785 2678 errore
805 2616 877 2679 viae
895 2607 973 2682 suae
992 2618 1034 2681 ad
1057 2619 1223 2682 unitatem

161 2714 321 2778 ecclesiae
347 2713 450 2778 1116111
477 2738 677 2793 6661611111;
707 2719 880 2782 dominum
907 2721 1079 2786 Pascalcm
1104 2744 1222 2806 papam

163 2819 453 2882 manutenebimus
477 2843 607 2905 semper
631 2831 732 2906 atque
759 2827 1026 2908 promovebimus
1043 2829 1223 2912 6111116111-

162 2943 265 3006 quam
282 2924 368 3006 patri
386 2924 549 2988 catholico
573 2934 608 2990 et
633 2930 814 2993 universali
841 2933 963 3014 pastori
988 2932 1221 3007 obedientiam,

163 3026 323 3090 honorem
339 3036 440 3112 atque
459 3034 681 3095 reverentiam
699 3034 929 3098 exhibebimus
944 3045 978 3100 et
994 3037 1035 3099 ab
1051 3038 1122 3121 ipso
1139 3037 1223 3120 ejus·

162 3152 228 3214 que
246 3140 350 3216 parte,
375 3135 444 3196 vita
470 3137 602 3208 comite,
629 3160 812 3222 numquam
838 3141 1040 3203 recedemus.
1088 3141 1222 3204 Electos

161 3256 309 3320 quoque,
326 3238 385 3321 qui
402 3238 464 3302 sub
481 3263 519 3303 eo
536 3252 596 3305 aut
612 3243 682 3326 ejus
700 3265 900 3313 successore,
915 3267 1015 3328 quem
1031 3267 1105 3328 pars
1119 3246 1222 3329 ipsius

163 3340 312 3425 elegerit,
327 3346 610 3409 consecrationem
625 3357 821 3431 receperunt
834 3350 887 3411 vel
901 3348 1010 3411 adhuc
1023 3349 1221 3432 receperint,

162 3442 288 3509 honore
305 3455 365 3510 aut
383 3448 555 3512 ordinibus
572 3452 641 3514 suis
659 3474 717 3534 pro
741 3453 813 3536 ejus
837 3453 1025 3516 obedientia
1049 3474 1222 3536 nunquam

163 3549 289 3631 privari
329 3553 571 3635 permittemus.
624 3555 668 3618 Et
705 3556 805 3640 hujus
840 3557 1083 3621 alsolutionem
1119 3578 1222 3619 sacra»

166 3655 270 3718 ruenti
304 3676 477 3740 nunquam
509 3659 715 3742 requiremus
746 3681 806 3723 nec
836 3661 980 3724 oblatam
1012 3662 1222 3744 recipiemus.

167 3755 345 3823 Praeterea
365 3761 470 3824 nostri
495 3762 624 3845 imperii
647 3784 827 3839 successor,
844 3786 944 3848 quem
964 3765 1129 3849 principes
1150 3764 1223 3827 uni-
