2768 4268
194 352 236 415 84
411 367 543 414 sanaor
570 364 776 412 aOEDIAEVAL
802 364 1030 412 nocuarasrs.

193 538 304 601 omnia
331 538 377 601 eis
401 535 608 622 dignitatum
630 555 768 599 suarum
790 534 864 617 jura
887 555 1082 598 conservare
1105 532 1251 597 intendi·

193 662 278 716 mus,
291 641 545 703 universitatem
561 647 707 703 vestram
723 659 823 720 super
840 645 935 700 tanta
950 637 1136 723 ignominia
1151 637 1248 702 nobis
1301 682 1304 687 -

194 752 229 810 et
251 746 388 829 imperio
416 743 594 808 condolere
622 763 787 827 rogamus,
810 749 994 826 sperantes,
1018 763 1060 806 ne
1087 741 1249 807 honorem

193 850 334 933 imperii,
359 849 417 933 qui
444 869 463 911 a
489 848 730 911 constitutione
758 845 858 909 Urbis
886 853 921 910 et
947 838 1146 911 christianae
1173 850 1249 912 reli-

193 954 301 1040 gionis
314 953 528 1016 institutione
545 951 588 1014 ad
604 959 714 1015 vestra
730 971 837 1034 usque
854 957 1005 1033 tempora
1025 951 1190 1036 gloriosus
1214 961 1249 1018 et

193 1057 392 1120 imminutus
416 1056 540 1131 extitit,
558 1055 635 1119 fidei
659 1061 789 1119 vestrae
813 1054 959 1118 indivisa
980 1055 1155 1119 sinceritas
1179 1064 1248 1120 tarn

194 1161 346 1224 inaudita
367 1160 530 1236 novitate,
554 1167 624 1222 tam
646 1166 902 1242 presumptuosa
924 1159 1069 1223 elatione
1094 1160 1249 1224 imminui

193 1266 354 1350 paciatur,
369 1265 487 1339 sciens,
508 1264 598 1326 omni
621 1263 839 1347 ambiguitate
863 1271 1001 1338 remota,
1018 1264 1110 1347 quod
1132 1266 1248 1329 mortis

193 1370 381 1454 periculum
404 1375 481 1431 ante
505 1367 669 1430 vellemus
693 1367 872 1441 incurrere,
898 1388 999 1450 quam
1021 1369 1145 1432 nostris
1169 1375 1250 1432 tem·

193 1474 329 1558 poribus
345 1479 459 1536 tantae
477 1470 682 1535 confusionis
699 1470 911 1553 obprobrium
927 1471 1101 1536 sustinere.

194 1660 232 1741 c)
257 1657 370 1721 Latiar
391 1658 429 1738 os
447 1657 604 1720 Hadrian
627 1656 654 1719 I
656 1655 703 1733 V,
720 1656 908 1742 explaining
932 1655 981 1719 ln's
1004 1679 1060 1720 nse
1085 1657 1248 1738 ofternn.

239 1787 289 1850 23.
322 1787 375 1849 Ex
392 1809 459 1871 quo
482 1786 681 1850 universalis
705 1785 882 1849 aecclesiae
907 1807 1031 1863 curam,
1048 1787 1130 1863 Deo,
1147 1795 1249 1872 prout

193 1893 258 1976 ipsi
273 1891 410 1975 placuit,
428 1890 637 1974 disponente,
654 1891 872 1973 suscepimus,
888 1891 936 1953 ita
952 1891 987 1952 iu
1003 1893 1134 1955 cunctis
1150 1913 1250 1979 nego·

193 1997 250 2060 tiis
266 1995 550 2080 magnificentiam
566 2002 659 2057 tuam
676 1994 836 2057 honorare
853 1995 1053 2071 curavimus,
1071 2003 1110 2058 ut
1129 1995 1169 2059 de
1194 1996 1248 2063 die

193 2100 230 2164 in
246 2099 335 2164 diem
351 2100 481 2162 animus
497 2106 577 2163 tuus
593 2098 699 2183 magis
716 2119 753 2161 ac
770 2099 876 2184 magis
892 2099 927 2160 in
944 2119 1054 2162 amore
1076 2107 1190 2163 nostro
1215 2109 1251 2166 et

194 2205 408 2268 veneratione
424 2203 512 2266 sedis
535 2203 737 2286 apostolicae
762 2200 931 2265 debuisset
953 2203 1101 2267 accendi.
1148 2204 1248 2270 Unde
1298 2211 1300 2215 ’

194 2310 265 2372 sine
281 2307 402 2394 grandi
418 2308 647 2370 ammiratione
664 2328 733 2370 non
747 2305 896 2381 ferimus,
914 2307 1007 2390 quod
1029 2329 1115 2384 cum,
1133 2309 1250 2373 audito

195 2434 237 2477 ex
254 2413 469 2497 suggestione
494 2411 705 2495 quorundam
721 2412 871 2474 animum
886 2423 984 2474 tuum
998 2412 1250 2495 aliquantulum

196 2525 312 2580 contra
328 2538 388 2578 nos
405 2514 509 2579 luisse
526 2525 740 2590 commotum,
757 2514 841 2577 duos
864 2514 904 2578 de
926 2516 1119 2579 melioribus
1136 2525 1171 2581 et
1187 2539 1251 2582 rna

194 2621 319 2705 joribus
335 2619 496 2683 fratribus
512 2621 646 2695 nostris,
660 2619 853 2682 Rolandum
867 2620 997 2683 scilicet
1013 2621 1251 2685 cancellarium

196 2726 288 2789 tituli
305 2723 418 2787 Sancti
435 2723 542 2790 Marci
558 2731 593 2787 et
609 2722 844 2786 Bernhardum
861 2724 955 2786 tituli
972 2722 1085 2787 Sancti
1099 2724 1252 2790 Clemen-

196 2831 239 2893 tis
254 2829 455 2913 presbiteros
472 2827 668 2902 cardinales,
686 2828 744 2911 qui
760 2849 819 2910 pro
835 2835 913 2891 tuae
930 2828 1113 2910 majestatis
1126 2829 1250 2894 honore

196 2933 231 2996 in
262 2933 411 2996 Romana
442 2932 600 2995 aecclesia
629 2932 766 2994 solliciti
803 2952 934 3015 semper
964 2933 1158 3009 extiterant,
1190 2955 1251 3019 pro

197 3037 381 3101 voluntatis
408 3043 486 3100 tuae
510 3037 702 3122 cognitione
726 3035 769 3098 ad
792 3043 885 3099 tuam
908 3037 1110 3119 presentiam
1134 3037 1254 3102 direxi-

197 3163 281 3216 mus,
305 3141 403 3204 aliter
433 3161 534 3224 quam
559 3139 766 3222 imperialem
791 3138 941 3203 decuerit
965 3140 1253 3205 honorificentiam

198 3254 278 3309 sunt
316 3245 462 3308 tractati.
509 3243 693 3307 Occasione
731 3242 898 3327 siquidem
937 3244 1112 3328 cujusdam
1149 3245 1252 3321 verbi,

198 3349 289 3433 quod
316 3356 367 3413 est
390 3347 631 3422 ‘beneficium'
656 3354 736 3410 tuus
763 3348 905 3423 animuS,
929 3349 1018 3411 sicut
1044 3348 1177 3425 dicitur,
1202 3356 1254 3413 est

198 3460 394 3528 commotus,
411 3451 502 3536 quod
519 3453 637 3535 utique
654 3450 779 3515 nedum
795 3453 883 3514 tanti
898 3453 971 3527 viri,
988 3453 1123 3517 seduco
1146 3454 1255 3538 cujus-

198 3557 282 3621 libet
296 3557 433 3619 minoris
450 3557 599 3619 animum
615 3556 734 3618 merito
756 3557 999 3619 commovisset.
1046 3557 1142 3621 Licet
1165 3559 1255 3621 enim

198 3662 260 3724 hoc
276 3681 415 3747 nomen,¹
425 3660 516 3744 quod
532 3667 582 3723 est
595 3669 603 3697 ‘
616 3658 836 3734 beneficium,’
854 3660 944 3743 apud
961 3661 1121 3744 quosdam
1139 3662 1174 3723 in
1190 3662 1255 3725 alia

199 3764 454 3850 significatione,
479 3786 581 3847 quam
605 3786 647 3827 ex
674 3765 877 3848 inpositione
900 3763 1029 3841 habeat,
1053 3773 1255 3842 assumatur,
