2768 4268
198 311 262 376 132
419 328 551 375 sunnon
575 329 781 376 unnrmvnn
804 329 1032 377 nocunnurs.

198 498 402 573 constitutis,
419 518 495 561 cum
511 497 619 561 multa
634 519 695 562 nos
712 497 752 562 de
769 519 808 563 co
825 505 859 562 et
883 498 1031 563 Ecclesie
1056 504 1091 563 et
1113 498 1254 583 imperio

199 601 407 666 inevitabilia
422 623 460 665 ac
484 601 587 665 ardua
610 603 746 688 negotia
768 610 879 687 preter
902 603 1108 666 infirmitatis
1133 602 1256 665 incom-

200 704 298 768 moda
314 705 524 769 detinebant:
551 727 694 790 quorum
711 708 856 791 primum
879 706 947 771 iuit
971 706 1148 772 rebellium
1171 706 1257 770 sicu·

200 811 308 873 lorum
339 810 535 885 insolentia3
573 832 635 874 nec
666 810 844 875 videbatur
873 811 968 876 nobis
1000 833 1120 876 sanum
1152 810 1255 875 fuisse

201 915 378 978 consilium
407 914 476 1001 [et]
505 915 685 1000 expediens
712 917 950 982 christianitati
978 938 1039 980 nos
1066 917 1102 979 in
1132 923 1256 980 terram

201 1029 350 1085 sanctam
376 1021 530 1084 transisse
553 1020 677 1084 bellum
707 1023 904 1086 intestinum
927 1029 1004 1105 post
1034 1029 1130 1107 terga
1160 1020 1259 1084 relin-

203 1134 354 1212 quentes,
371 1127 460 1190 sicut
482 1148 543 1191 nec
566 1126 704 1202 medion,
727 1127 814 1191 ferro
838 1127 942 1189 infixo
966 1125 1110 1201 vulneri,
1134 1123 1259 1188 fomen-

203 1241 276 1296 tum
292 1231 448 1296 adhibere
466 1231 640 1296 medicine.
667 1280 673 1293 .
699 1280 706 1293 .
732 1280 739 1294 .

249 1337 319 1398 “ln
335 1336 547 1400 conclusione
570 1358 704 1420 quoque
729 1335 863 1400 demum
887 1335 968 1399 haec
993 1336 1125 1419 adjecit,
1143 1333 1259 1396 exhor-

204 1449 279 1505 tans
310 1439 397 1503 orbis
428 1441 593 1524 principes
625 1441 796 1504 universos
829 1447 868 1503 ut
898 1445 1015 1502 contra
1042 1444 1171 1500 tantam
1196 1435 1259 1500 sibi
1284 1424 1285 1427 ¹

205 1545 411 1632 prospiciant
426 1545 600 1609 avaritiam
616 1553 650 1609 et
666 1546 880 1629 iniquitatem
897 1544 995 1628 quia:

251 1658 270 1686 “
281 1648 377 1712 Tunc
395 1657 454 1713 tua
469 1670 521 1714 res
537 1650 650 1736 agitur
664 1650 772 1734 paries
789 1669 866 1712 cum
882 1647 1054 1732 proximus
1071 1642 1200 1709 ardet.''

657 1901 793 1928 -οοο-

363 2093 437 2154 ΤΗΕ
464 2093 581 2154 PEAOE
609 2091 652 2153 OF
681 2091 754 2152 ΒΑΝ
779 2089 956 2152 stenaro
990 2088 1105 2170 (1230).

302 2255 426 2316 [Regestis
439 2255 553 2314 Gregorii
563 2270 567 2311 ;
585 2255 619 2300 M.
632 2254 661 2301 G.
672 2255 712 2309 Η.,
724 2254 772 2299 LL.
783 2253 933 2299 11269276.
961 2251 1043 2307 Η.-Β.,
1054 2245 1173 2308 200220]

258 2396 372 2461 [Chron.
396 2397 488 2456 Uisp,
508 2409 550 2444 an.
572 2395 650 2442 1229:
677 2393 759 2443 Omni
780 2397 912 2452 tempore,
933 2390 1064 2450 quamdiu
1084 2387 1267 2438 denuntiabat

212 2494 274 2529 eum
287 2493 358 2541 papa
370 2479 649 2533 excommunicatum,
663 2476 826 2525 beneficium
845 2473 1030 2523 absolutionis
1049 2471 1215 2520 humiliter.
1235 2506 1240 2517 .
1261 2506 1266 2516 .

212 2565 374 2626 postulavit.
410 2563 499 2622 Super
517 2561 608 2610 causis
627 2573 703 2615 vere,
720 2572 789 2618 quae
808 2559 881 2606 inter
900 2557 991 2616 ipsum
1012 2560 1040 2604 et
1060 2566 1157 2614 papam
1176 2557 1268 2600 verte·

213 2650 324 2704 bantur,
343 2646 508 2696 diffiniendis
526 2644 675 2693 advocavit
693 2643 833 2702 principes
853 2639 1032 2695 Alamannia,
1046 2641 1078 2686 ut
1095 2637 1222 2685 venirent
1239 2635 1268 2682 in

214 2732 332 2788 Italiam,
347 2730 477 2779 videlicet
489 2729 647 2790 patriarcha
657 2724 872 2787 aquilegiensis,
887 2722 1114 2782 archiepiscopus
1132 2719 1269 2769 salisbur-

214 2817 318 2878 gensis,
341 2815 489 2875 episcopus
509 2810 732 2871 Ratisponensis‚
754 2807 913 2867 Leopoldus
934 2805 991 2853 dux
1011 2803 1141 2852 Austriae
1161 2805 1190 2849 et
1212 2801 1271 2849 dux

215 2900 370 2950 Dalmatiae
383 2902 411 2946 et
430 2897 560 2945 Histriae.
601 2894 707 2955 Quibus
726 2890 938 2940 advenientibus
957 2889 1125 2947 imperatore
1142 2887 1271 2932 manente

215 2985 288 3044 apud
306 2982 428 3043 Capuam
445 2985 596 3029 tractatum
609 2983 653 3027 est
670 2978 703 3025 de
716 2989 782 3036 pace
797 2979 825 3023 et
838 2971 987 3021 concordia
1001 2971 1073 3018 inter
1085 2967 1229 3027 imperium
1244 2970 1272 3014 et

216 3068 403 3117 sacerdotium
413 3070 441 3114 ct
450 3077 565 3127 regnum
579 3062 690 3112 Siciliae
703 3064 730 3108 ct
743 3060 776 3107 de
789 3055 964 3106 absolutione
979 3051 1166 3112 imperatoris,
1175 3048 1272 3097 multis

216 3151 278 3200 aliis
291 3149 477 3198 mediantibus
492 3153 548 3196 tarn
565 3147 598 3194 de
617 3145 694 3193 curia
712 3144 844 3197 Romana,
859 3150 940 3198 quam
961 3136 1045 3184 etiarn
1063 3133 1146 3182 Italia
1164 3137 1192 3180 et
1211 3131 1274 3180 Ale·

216 3233 334 3282 mannia.
370 3231 441 3281 Sane
461 3230 528 3279 haec
550 3226 717 3288 compositio
738 3236 801 3273 eum
821 3235 877 3271 non
899 3222 996 3281 posset
1017 3216 1114 3278 perfici
1135 3228 1169 3264 eo
1190 3227 1273 3272 anno,

217 3315 303 3364 dilata
315 3318 359 3363 est
371 3326 458 3373 usque
470 3312 499 3360 in
511 3323 613 3360 annum
626 3306 809 3370 sequentem]

734 3497 761 3560 I.

267 3643 306 3728 [J
310 3643 395 3728 uly.]
431 3639 619 3704 Fridericus
639 3637 704 3702 Dei
721 3635 828 3721 gratia
849 3633 1077 3696 Romanorum
1094 3629 1277 3710 imperator

218 3768 349 3830 semper
364 3751 530 3831 augustus
554 3740 742 3806 Jerusalem
758 3745 792 3801 et
808 3735 920 3799 Sicilie
938 3754 1007 3796 rex.
1054 3729 1084 3792 N
1089 3735 1183 3791 otum
1199 3726 1278 3791 iaci·
