2768 4268
175 313 218 378 54
394 331 525 379 suasor
551 330 756 378 rinnravau
782 330 1011 378 nocuriuxrs.

174 500 392 584 promissione
417 499 564 564 absolve.
611 499 685 583 Ipse
710 507 822 563 autern
852 498 1032 562 Heinricus
1059 520 1136 562 cum
1162 500 1232 564 suis

174 604 360 694 fautoribus
384 605 419 667 in
443 605 533 668 omni
557 604 790 690 congressione
813 603 894 666 beili
917 603 1028 666 nullas
1051 603 1137 667 vires
1161 604 1232 666 nul·

173 709 308 794 lamque
324 709 360 771 in
376 709 448 772 vita
470 729 531 772 sua
554 707 729 771 victoriam
752 707 912 791 optineat.
960 705 1010 770 Ut
1033 714 1146 770 autem
1170 707 1233 771 Ro-

174 811 289 876 dulfus
313 834 454 898 regnum
478 812 743 876 Teutonieorum
767 818 862 897 regat
886 817 921 874 et
943 809 1113 886 defendat,
1131 832 1232 894 quem

174 916 354 981 Teutonici
367 918 542 1001 elegerunt
558 915 620 979 sibi
637 916 672 978 111
685 936 806 1001 regem,
821 914 864 977 ad
875 921 1022 978 vestram
1034 914 1231 978 fidelitatem

124 1036 128 1041 ’
174 1042 216 1084 ex
240 1027 333 1104 parte
357 1028 470 1085 vestra
494 1020 582 1083 dono
605 1020 729 1104 largior
753 1026 787 1082 et
810 1017 974 1092 conced03
999 1019 1152 1082 omnibus
1168 1018 1231 1082 sibi

174 1123 319 1188 fideliter
342 1123 622 1188 adhaenrentibus
647 1123 890 1186 absolutionem
915 1123 1062 1185 omnium
1084 1129 1232 1206 peceato

174 1249 249 1290 runi
265 1236 476 1311 vestramque
501 1227 768 1291 benedictionem
786 1227 819 1288 in
838 1226 900 1289 hac
917 1227 987 1290 vita
1003 1233 1037 1289 et
1052 1226 1087 1287 in
1104 1225 1230 1302 futura,

174 1339 284 1395 vestra
300 1330 407 1395 fretus
425 1331 555 1406 fiducia,
572 1332 706 1416 largior.
754 1329 850 1393 Sicut
865 1331 955 1394 enim
973 1329 1153 1393 Heinricus
1170 1351 1229 1414 pro

173 1457 234 1499 sua
250 1436 393 1520 superba
417 1435 662 1499 inoboedientia
679 1443 714 1499 et
730 1434 877 1498 falsitate
901 1455 920 1497 a
943 1434 1037 1518 regni
1062 1433 1229 1520 dignitate

173 1541 261 1625 juste
285 1539 438 1615 abicitur,
454 1540 502 1603 ita
519 1538 666 1603 Rodulfo
684 1560 742 1622 pro
762 1560 822 1602 sua
841 1538 1033 1602 humilitate
1059 1536 1232 1602 oboedien-

174 1644 221 1707 tia
237 1652 271 1708 et
287 1645 428 1708 veritate
445 1651 593 1728 potestas
610 1652 645 1707 et
661 1643 807 1728 dignitas
824 1643 920 1728 regni
938 1642 1142 1706 conceditur.

218 1748 323 1834 Agite
340 1770 430 1811 nunc
456 1770 569 1832 queso,
586 1755 695 1832 patres
720 1754 755 1811 et
778 1747 946 1831 principes
965 1747 1175 1821 sanctissimi,
1192 1753 1232 1810 ut

175 1854 280 1917 omnis
304 1852 449 1916 mundus
473 1853 645 1938 intelligat
668 1859 702 1916 et
725 1859 914 1938 cognoseat,
932 1852 1020 1934 quia,
1040 1851 1068 1913 si
1091 1852 1231 1935 potestis
1304 1858 1306 1865 '

174 1957 208 2018 in
226 1958 317 2020 coelo
334 1957 439 2042 ligare
457 1964 490 2020 et
506 1957 646 2031 solvere,
662 1957 802 2039 potestis
818 1957 854 2018 in
870 1964 958 2019 terra
975 1955 1115 2038 imperia
1127 1975 1231 2041 regna

174 2061 381 2144 principatus
399 2060 541 2123 ducatus
559 2059 722 2123 marchias
735 2060 914 2123 consitatus
926 2067 960 2123 et
970 2060 1120 2122 omnium
1130 2059 1233 2122 homi-

175 2186 256 2227 num
272 2165 494 2249 possessiones
516 2186 575 2248 pro
592 2164 717 2227 meritis
733 2164 852 2227 tollere
869 2164 1052 2247 unicuique
1069 2171 1103 2227 et
1120 2185 1233 2226 conce-

175 2268 263 2332 dere.
295 2268 366 2332 Vos
383 2268 474 2332 enim
490 2268 734 2352 patriarchatus
748 2270 910 2353 primatus
928 2268 1231 2352 archiepiscopatus

175 2373 385 2457 episcopatus
398 2371 595 2455 frequenter
608 2373 735 2435 tulistis
745 2373 857 2456 pravis
871 2380 906 2435 et
918 2371 1076 2457 indignis
1089 2379 1123 2436 et
1135 2371 1229 2457 reiig-

174 2477 252 2540 iosis
269 2477 348 2540 viris
366 2475 516 2552 dedistis.
556 2475 590 2539 Si
608 2477 697 2540 enirn
709 2477 896 2559 spiritualia
910 2475 1078 2561 judicatis,
1092 2475 1175 2559 quid
1191 2475 1231 2539 de

174 2580 399 2644 saecularibus
419 2602 477 2644 vos
501 2602 596 2665 posse
620 2580 823 2644 credendum
848 2579 915 2645 est!
963 2579 1009 2644 Et
1032 2581 1060 2643 si
1085 2580 1232 2665 angelos

175 2684 385 2748 dominantes
416 2684 568 2748 omnibus
599 2684 750 2768 superbis
781 2684 996 2769 principibus
1030 2683 1231 2768 judicabitis

175 2787 257 2872 quid
274 2787 314 2852 de
332 2789 467 2851 illorum
482 2790 586 2852 servis
602 2789 712 2852 facere
732 2787 891 2872 potestis!
938 2787 1127 2851 Addiscant
1143 2808 1232 2850 nunc

175 2914 268 2977 reges
292 2899 326 2956 et
350 2913 464 2956 omnes
482 2894 607 2956 saeculi
631 2894 807 2977 principes
826 2893 943 2976 quanti
963 2914 1021 2956 vos
1043 2893 1132 2967 estis
1150 2891 1233 2975 quid

174 2997 335 3080 potestis3
360 3004 395 3061 et
418 2997 558 3060 timeant
581 2999 675 3080 parvi
699 2997 842 3081 pendere
867 2997 1049 3082 jussionem
1073 2996 1231 3060 ecclesiae

174 3107 315 3164 vestrae.
362 3100 408 3164 Et
434 3101 469 3162 in
494 3101 666 3185 praedicto
693 3101 853 3165 Heinrico
881 3108 951 3164 11111
976 3101 1042 3164 1111
1068 3100 1232 3184 judicium

174 3211 326 3268 vestrum
342 3212 505 3280 exercete,
521 3213 560 3269 ut
577 3227 690 3269 ornnes
702 3206 820 3279 sciant,
835 3206 914 3288 quia
930 3226 998 3267 non
1014 3204 1160 3267 fortuitu
1173 3203 1232 3267 sed

174 3315 285 3371 vestra
308 3315 473 3392 potestate
491 3308 597 3372 cadet.
645 3308 901 3383 Confundetur3
926 3309 1054 3371 utinam
1077 3306 1121 3370 ad
1142 3307 1234 3391 peni·

174 3412 325 3487 tentiam,
342 3419 382 3475 ut
398 3414 535 3496 spiritus
551 3414 596 3477 sit
611 3414 724 3476 salvus
741 3414 775 3475 in
793 3412 846 3476 die
863 3413 1010 3475 Domini.

218 3514 307 3579 Acta
324 3515 428 3580 Rome
446 3515 550 3579 Nonis
568 3515 694 3591 Martii,
711 3515 894 3579 indictione
911 3515 941 3578 3.
989 3552 993 3560 ·
