2768 4268
130 298 174 361 64
350 313 482 360 suasor
504 313 710 360 arnurmvan
736 312 967 361 noounnnrs.

132 482 215 546 Post
237 481 488 546 investitionem
509 502 590 544 vero
614 481 808 543 canonicam
831 482 1115 546 consecrationem
1137 504 1188 547 ac-

131 587 257 670 cipiant
287 585 328 649 ab
358 585 512 669 episcopo
543 583 586 646 ad
617 571 718 668 quem
748 584 981 668 pertinuerint.
1043 585 1079 649 Si
1110 589 1186 672 quis

130 698 278 753 autema
294 689 382 752 clero
405 698 439 752 et
462 687 586 772 populo
609 696 720 771 preter
743 697 839 751 tuum
864 710 1035 752 assensum
1059 691 1185 755 electus

131 793 244 869 fucrit,
260 793 324 856 nisi
337 813 359 854 a
376 800 408 856 te
424 792 635 865 investiatur,
649 813 667 853 a
683 793 815 856 nemine
832 801 1056 857 consecretur.
1097 793 1183 860 Sane

131 898 276 982 episcopi
292 904 326 960 et
341 895 580 979 archiepiscopi
597 895 786 959 libertatem
809 895 963 971 habeant,
980 919 999 960 a
1023 904 1056 961 te
1080 899 1187 963 inves-

132 1004 211 1066 titos
224 1002 395 1086 episoopos
408 1000 463 1064 vel
475 999 610 1064 abbates
624 1001 781 1064 canonice
795 1001 1031 1086 consecrandy.
1067 1001 1187 1066 Prede-

131 1127 276 1172 cessores
293 1106 381 1168 enim
397 1105 499 1168 vestri
519 1105 676 1168 ecclesias
699 1105 795 1190 regni
817 1106 870 1168 sui
894 1106 997 1168 tantis
1020 1106 1185 1192 regahum

131 1232 269 1275 suorum
284 1207 453 1272 beneficiis
470 1208 683 1292 ampliarunt,
701 1217 740 1271 ut
755 1230 896 1294 regnum
912 1209 1020 1293 ipsum
1039 1211 1184 1275 maxime

131 1320 362 1402 episcoporum
377 1314 530 1401 presidiis
547 1315 601 1378 vel
618 1313 775 1378 abbatum
799 1323 951 1400 oporteat
974 1318 1184 1392 communiri,

131 1423 307 1507 populares
324 1421 555 1496 dissensiones,
573 1419 689 1503 quein
714 1419 931 1483 electionibus
956 1441 1032 1505 sepe
1057 1422 1185 1484 contin-

130 1536 228 1613 gunt,
256 1530 361 1615 regali
392 1535 545 1613 oporteat
574 1529 747 1613 majestate
776 1530 949 1613 compesci.
1006 1529 1114 1608 Quam
1144 1530 1185 1594 ob

131 1654 201 1696 rem
217 1632 414 1717 prudentiae
431 1642 465 1698 et
480 1633 656 1717 potestatis
680 1640 757 1696 tuae
782 1654 861 1696 cura
884 1633 984 1698 debet
1006 1633 1184 1698 sollicitius

131 1737 313 1813 imminere,
330 1745 369 1801 ut
385 1738 534 1801 Romane
556 1737 694 1800 ecclesie
720 1737 925 1822 magnitudo,
942 1744 976 1801 et
999 1745 1185 1802 ceterarum

130 1842 219 1905 salus
236 1850 407 1927 prestante
425 1842 569 1904 Domino
581 1841 749 1905 beneficiis
762 1842 944 1925 potioribus
958 1850 1184 1906 conservetur.

131 1944 167 2008 Si
184 1967 250 2029 qua
265 1946 370 2032 igitur
387 1945 608 2010 ecclesiastica
624 1946 824 2009 secularisve
840 1967 981 2030 persona
1004 1946 1089 2010 hanc
1114 1967 1186 2009 nos·

132 2057 181 2113 tre
206 2051 429 2113 concessionis
453 2051 610 2135 paginam
632 2051 750 2125 sciens,
775 2058 891 2114 contra
914 2072 986 2114 eam
1009 2051 1185 2114 temerario

131 2175 215 2216 ausu
239 2154 352 2217 venire
377 2156 602 2237 temptaverit,
620 2155 841 2218 anathematis
860 2155 1004 2230 vinculo,
1022 2155 1086 2218 nisi
1109 2156 1185 2219 resi·

131 2257 252 2341 puerit.
276 2256 466 2332 innodetur,
491 2258 693 2341 honorisque
725 2280 762 2322 ac
794 2258 968 2344 dignitatis
996 2259 1183 2343 periculum

130 2362 286 2446 patiatur.
334 2361 559 2425 Observantes
587 2370 701 2425 autem
728 2362 953 2426 misericordia
976 2363 1091 2425 divina
1115 2384 1185 2426 cus·

133 2465 249 2540 todiat‚
266 2472 301 2528 ot
315 2487 488 2548 personam
505 2473 774 2551 potestatemque
791 2473 886 2529 tuam
901 2465 943 2530 ad
966 2467 1126 2530 honorem
1149 2474 1185 2531 et

129 2569 270 2655 gloriam
286 2590 381 2632 suam
396 2567 543 2633 feliciter
557 2571 719 2654 imperare
737 2570 907 2635 concedat.
953 2570 1074 2634 Amen.

585 2811 722 2837 —000—

164 2956 339 3062 baraban
367 3000 525 3063 bonhart
552 3002 701 3063 ANNULS
732 3001 933 3063 PRIVILEGE
964 3001 1008 3062 OF
1035 3001 1150 3063 APBIL

433 3127 569 3199 12,1111
597 3126 769 3205 (1111101118,
793 3127 887 3206 1112).

487 3287 531 3347 [n.
543 3288 570 3335 a.
582 3289 624 3343 u,
636 3289 684 3333 aa.
698 3290 729 3333 11.
741 3302 763 3344 a,
775 3287 837 3347 181]

174 3415 276 3479 Anno
304 3413 345 3479 ab
371 3415 598 3479 incarnatione
627 3413 763 3476 Domini
790 3414 885 3476 1112.
914 3413 1016 3478 indic.
1040 3411 1070 3476 5.
1095 3433 1182 3476 anno

130 3516 182 3581 13.
198 3518 414 3602 pontificatus
439 3518 520 3582 dicti
537 3518 696 3602 pontifici,
714 3541 825 3582 mense
843 3518 977 3594 Martie,
995 3515 1046 3580 15.
1064 3517 1184 3580 Kalen-

131 3622 189 3685 das
206 3623 351 3706 Apriles,
366 3622 570 3686 oelebratnm
587 3629 638 3685 cst
655 3623 833 3686 concilium
849 3622 984 3696 Romae,
998 3621 1183 3695 Lateranis,

131 3726 165 3788 in
180 3725 316 3791 basilica
333 3725 624 3801 Constantiniana,
640 3725 676 3787 in
692 3747 759 3809 quo
776 3748 852 3790 cum
869 3724 1025 3788 dominus
1043 3724 1185 3788 Pascha-
