<?xml version="1.0" encoding="UTF-8"?>
<!DOCTYPE html PUBLIC "-//W3C//DTD XHTML 1.0 Transitional//EN"
    "http://www.w3.org/TR/xhtml1/DTD/xhtml1-transitional.dtd">
<html xmlns="http://www.w3.org/1999/xhtml" xml:lang="en" lang="en">
 <head>
  <title>
</title>
<meta http-equiv="Content-Type" content="text/html;charset=utf-8" />
  <meta name='ocr-system' content='tesseract 3.04.00' />
  <meta name='ocr-capabilities' content='ocr_page ocr_carea ocr_par ocr_line ocrx_word'/>
</head>
<body>
  <div class='ocr_page' id='page_1' title='image "./selectmediaeval00mathgoog_0073.png"; bbox 0 0 2768 4268; ppageno 0'>
   <div class='ocr_carea' id='block_1_1' title="bbox 189 325 1025 389">
    <p class='ocr_par' dir='ltr' id='par_1_1' title="bbox 189 325 1025 389">
     <span class='ocr_line' id='line_1_1' title="bbox 189 325 1025 389; baseline 0 -1"><span class='ocrx_word' id='word_1_1' title='bbox 189 325 231 388; x_wconf 84' lang='lat'>68</span> <span class='ocrx_word' id='word_1_2' title='bbox 408 340 540 387; x_wconf 76' lang='lat' dir='ltr'>suasor</span> <span class='ocrx_word' id='word_1_3' title='bbox 563 340 770 388; x_wconf 74' lang='grc'><strong>11111111</strong></span> <span class='ocrx_word' id='word_1_4' title='bbox 796 342 1025 389; x_wconf 77' lang='lat' dir='ltr'>nocuunsrs</span> 
     </span>
    </p>
   </div>
   <div class='ocr_carea' id='block_1_2' title="bbox 189 506 1246 1008">
    <p class='ocr_par' dir='ltr' id='par_1_2' title="bbox 189 506 1246 802">
     <span class='ocr_line' id='line_1_2' title="bbox 190 506 1246 594; baseline 0.003 -23"><span class='ocrx_word' id='word_1_5' title='bbox 190 508 373 573; x_wconf 88' lang='lat' dir='ltr'>Fridiricus</span> <span class='ocrx_word' id='word_1_6' title='bbox 394 506 474 584; x_wconf 87' lang='lat' dir='ltr'>dux,</span> <span class='ocrx_word' id='word_1_7' title='bbox 500 507 532 572; x_wconf 89' lang='lat' dir='ltr'>S.</span> <span class='ocrx_word' id='word_1_8' title='bbox 557 507 637 584; x_wconf 85' lang='lat' dir='ltr'>dux,</span> <span class='ocrx_word' id='word_1_9' title='bbox 654 508 827 573; x_wconf 86' lang='lat' dir='ltr'>Pertolfus</span> <span class='ocrx_word' id='word_1_10' title='bbox 848 508 928 584; x_wconf 71' lang='lat' dir='ltr'>duic,</span> <span class='ocrx_word' id='word_1_11' title='bbox 946 509 1097 573; x_wconf 89' lang='lat' dir='ltr'>Marchio</span> <span class='ocrx_word' id='word_1_12' title='bbox 1115 510 1246 594; x_wconf 88' lang='lat' dir='ltr'>Teipol-</span> 
     </span>
     <span class='ocr_line' id='line_1_3' title="bbox 189 611 1244 697; baseline 0.004 -23"><span class='ocrx_word' id='word_1_13' title='bbox 189 611 264 688; x_wconf 84' lang='lat' dir='ltr'>dus,</span> <span class='ocrx_word' id='word_1_14' title='bbox 284 611 435 675; x_wconf 90' lang='lat' dir='ltr'>Marchio</span> <span class='ocrx_word' id='word_1_15' title='bbox 460 611 694 697; x_wconf 72' lang='lat' dir='ltr'>Engelbertus</span> <span class='ocrx_word' id='word_1_16' title='bbox 720 611 924 677; x_wconf 83' lang='lat' dir='ltr'>Godefridus</span> <span class='ocrx_word' id='word_1_17' title='bbox 949 612 1134 690; x_wconf 86' lang='lat' dir='ltr'>Palatinus,</span> <span class='ocrx_word' id='word_1_18' title='bbox 1160 612 1244 679; x_wconf 95' lang='lat' dir='ltr'>Otto</span> 
     </span>
     <span class='ocr_line' id='line_1_4' title="bbox 190 715 872 802; baseline 0.003 -25"><span class='ocrx_word' id='word_1_19' title='bbox 190 715 365 779; x_wconf 90' lang='lat' dir='ltr'>Palatinus</span> <span class='ocrx_word' id='word_1_20' title='bbox 382 737 500 791; x_wconf 91' lang='lat' dir='ltr'>comes,</span> <span class='ocrx_word' id='word_1_21' title='bbox 518 715 735 802; x_wconf 86' lang='lat' dir='ltr'>Beringarius</span> <span class='ocrx_word' id='word_1_22' title='bbox 752 737 872 781; x_wconf 89' lang='lat' dir='ltr'>comes.</span> 
     </span>
    </p>

    <p class='ocr_par' dir='ltr' id='par_1_3' title="bbox 190 817 1245 1008">
     <span class='ocr_line' id='line_1_5' title="bbox 234 817 1245 905; baseline 0.005 -25"><span class='ocrx_word' id='word_1_23' title='bbox 234 819 317 905; x_wconf 84' lang='lat' dir='ltr'>Ego,</span> <span class='ocrx_word' id='word_1_24' title='bbox 341 817 543 895; x_wconf 87' lang='lat' dir='ltr'>Fridericus,</span> <span class='ocrx_word' id='word_1_25' title='bbox 568 820 767 884; x_wconf 91' lang='lat' dir='ltr'>coloniensis</span> <span class='ocrx_word' id='word_1_26' title='bbox 790 820 1059 905; x_wconf 79' lang='lat' dir='ltr'>archiepiscopus</span> <span class='ocrx_word' id='word_1_27' title='bbox 1083 828 1118 885; x_wconf 93' lang='lat' dir='ltr'>et</span> <span class='ocrx_word' id='word_1_28' title='bbox 1140 822 1245 886; x_wconf 89' lang='lat' dir='ltr'>archi·</span> 
     </span>
     <span class='ocr_line' id='line_1_6' title="bbox 190 922 618 1008; baseline -0.005 -22"><span class='ocrx_word' id='word_1_29' title='bbox 190 922 409 986; x_wconf 88' lang='lat' dir='ltr'>cancellarius</span> <span class='ocrx_word' id='word_1_30' title='bbox 426 924 618 1008; x_wconf 78' lang='lat' dir='ltr'><strong>recognovi.</strong></span> 
     </span>
    </p>
   </div>
   <div class='ocr_carea' id='block_1_3' title="bbox 649 1114 783 1142">
    <p class='ocr_par' dir='ltr' id='par_1_4' title="bbox 649 1114 783 1142">
     <span class='ocr_line' id='line_1_7' title="bbox 649 1114 783 1142; baseline 0 0"><span class='ocrx_word' id='word_1_31' title='bbox 649 1114 783 1142; x_wconf 74' lang='grc' dir='ltr'><strong>-οοο-</strong></span> 
     </span>
    </p>
   </div>
   <div class='ocr_carea' id='block_1_4' title="bbox 189 1329 1242 1537">
    <p class='ocr_par' dir='ltr' id='par_1_5' title="bbox 189 1329 1242 1537">
     <span class='ocr_line' id='line_1_8' title="bbox 189 1329 1242 1394; baseline 0.002 -3"><span class='ocrx_word' id='word_1_32' title='bbox 189 1329 773 1393; x_wconf 76' lang='grc'><strong>16111111111111111111111</strong></span> <span class='ocrx_word' id='word_1_33' title='bbox 817 1332 858 1394; x_wconf 91' lang='lat'>11.</span> <span class='ocrx_word' id='word_1_34' title='bbox 890 1331 1017 1394; x_wconf 83' lang='lat' dir='ltr'>mors</span> <span class='ocrx_word' id='word_1_35' title='bbox 1055 1330 1129 1393; x_wconf 82' lang='grc'><strong>1111</strong></span> <span class='ocrx_word' id='word_1_36' title='bbox 1164 1331 1242 1393; x_wconf 75' lang='lat' dir='ltr'>niu</span> 
     </span>
     <span class='ocr_line' id='line_1_9' title="bbox 664 1457 771 1537; baseline 0.009 -22"><span class='ocrx_word' id='word_1_37' title='bbox 664 1457 771 1537; x_wconf 85' lang='lat'><strong>(1133).</strong></span> 
     </span>
    </p>
   </div>
   <div class='ocr_carea' id='block_1_5' title="bbox 561 1616 863 1677">
    <p class='ocr_par' dir='ltr' id='par_1_6' title="bbox 561 1616 863 1677">
     <span class='ocr_line' id='line_1_10' title="bbox 561 1616 863 1677; baseline 0.003 -14"><span class='ocrx_word' id='word_1_38' title='bbox 561 1616 863 1677; x_wconf 65' lang='lat' dir='ltr'>mammam</span> 
     </span>
    </p>
   </div>
   <div class='ocr_carea' id='block_1_6' title="bbox 186 1755 1244 3817">
    <p class='ocr_par' dir='ltr' id='par_1_7' title="bbox 187 1755 1244 2048">
     <span class='ocr_line' id='line_1_11' title="bbox 233 1755 1244 1844; baseline 0.003 -25"><span class='ocrx_word' id='word_1_39' title='bbox 233 1757 410 1821; x_wconf 90' lang='lat' dir='ltr'>Lotharius</span> <span class='ocrx_word' id='word_1_40' title='bbox 427 1756 491 1821; x_wconf 92' lang='lat' dir='ltr'>Dei</span> <span class='ocrx_word' id='word_1_41' title='bbox 509 1755 627 1821; x_wconf 82' lang='lat' dir='ltr'><strong>Gratia</strong></span> <span class='ocrx_word' id='word_1_42' title='bbox 643 1757 870 1821; x_wconf 88' lang='lat' dir='ltr'>Romanorum</span> <span class='ocrx_word' id='word_1_43' title='bbox 893 1779 963 1833; x_wconf 89' lang='lat' dir='ltr'>rex,</span> <span class='ocrx_word' id='word_1_44' title='bbox 979 1757 1123 1844; x_wconf 69' lang='lat' dir='ltr'>regibus</span> <span class='ocrx_word' id='word_1_45' title='bbox 1139 1757 1244 1823; x_wconf 89' lang='lat' dir='ltr'>arohi-</span> 
     </span>
     <span class='ocr_line' id='line_1_12' title="bbox 188 1861 1244 1945; baseline 0.001 -20"><span class='ocrx_word' id='word_1_46' title='bbox 188 1862 361 1945; x_wconf 89' lang='lat' dir='ltr'>episcopis‚</span> <span class='ocrx_word' id='word_1_47' title='bbox 378 1861 551 1945; x_wconf 86' lang='lat' dir='ltr'>episcopis,</span> <span class='ocrx_word' id='word_1_48' title='bbox 568 1861 783 1945; x_wconf 89' lang='lat' dir='ltr'>principibus,</span> <span class='ocrx_word' id='word_1_49' title='bbox 806 1869 841 1926; x_wconf 90' lang='lat' dir='ltr'>et</span> <span class='ocrx_word' id='word_1_50' title='bbox 863 1862 1029 1925; x_wconf 89' lang='lat' dir='ltr'>universis</span> <span class='ocrx_word' id='word_1_51' title='bbox 1052 1861 1117 1925; x_wconf 92' lang='lat' dir='ltr'>Dei</span> <span class='ocrx_word' id='word_1_52' title='bbox 1140 1861 1244 1926; x_wconf 89' lang='lat' dir='ltr'>fideli-</span> 
     </span>
     <span class='ocr_line' id='line_1_13' title="bbox 187 1965 1076 2048; baseline -0.003 -19"><span class='ocrx_word' id='word_1_53' title='bbox 187 1965 259 2040; x_wconf 86' lang='lat' dir='ltr'>bus,</span> <span class='ocrx_word' id='word_1_54' title='bbox 276 1965 319 2028; x_wconf 90' lang='lat' dir='ltr'>ad</span> <span class='ocrx_word' id='word_1_55' title='bbox 335 1986 418 2048; x_wconf 92' lang='lat' dir='ltr'>quos</span> <span class='ocrx_word' id='word_1_56' title='bbox 434 1965 565 2028; x_wconf 75' lang='lat' dir='ltr'>litterae</span> <span class='ocrx_word' id='word_1_57' title='bbox 581 1965 664 2028; x_wconf 89' lang='lat' dir='ltr'>istae</span> <span class='ocrx_word' id='word_1_58' title='bbox 681 1966 906 2047; x_wconf 82' lang='lat' dir='ltr'>pervenerint,</span> <span class='ocrx_word' id='word_1_59' title='bbox 922 1966 1076 2028; x_wconf 90' lang='lat' dir='ltr'>salutem.</span> 
     </span>
    </p>

    <p class='ocr_par' dir='ltr' id='par_1_8' title="bbox 186 2067 1243 3817">
     <span class='ocr_line' id='line_1_14' title="bbox 233 2067 1243 2153; baseline 0.003 -22"><span class='ocrx_word' id='word_1_60' title='bbox 233 2069 422 2153; x_wconf 83' lang='lat' dir='ltr'>Majestatis</span> <span class='ocrx_word' id='word_1_61' title='bbox 453 2067 587 2131; x_wconf 83' lang='lat' dir='ltr'>divinae</span> <span class='ocrx_word' id='word_1_62' title='bbox 619 2068 859 2151; x_wconf 85' lang='lat' dir='ltr'>dispensationi</span> <span class='ocrx_word' id='word_1_63' title='bbox 884 2075 919 2133; x_wconf 91' lang='lat' dir='ltr'>et</span> <span class='ocrx_word' id='word_1_64' title='bbox 946 2068 1085 2133; x_wconf 92' lang='lat' dir='ltr'>consilio</span> <span class='ocrx_word' id='word_1_65' title='bbox 1112 2069 1243 2153; x_wconf 80' lang='lat' dir='ltr'>placuit</span> 
     </span>
     <span class='ocr_line' id='line_1_15' title="bbox 188 2171 1241 2256; baseline 0.002 -20"><span class='ocrx_word' id='word_1_66' title='bbox 188 2195 248 2236; x_wconf 87' lang='lat' dir='ltr'>nos</span> <span class='ocrx_word' id='word_1_67' title='bbox 264 2180 445 2256; x_wconf 90' lang='lat' dir='ltr'>patronum</span> <span class='ocrx_word' id='word_1_68' title='bbox 460 2193 498 2235; x_wconf 94' lang='lat' dir='ltr'>ac</span> <span class='ocrx_word' id='word_1_69' title='bbox 516 2171 727 2235; x_wconf 80' lang='lat' dir='ltr'>defensorem</span> <span class='ocrx_word' id='word_1_70' title='bbox 742 2179 876 2236; x_wconf 89' lang='lat' dir='ltr'>sanctae</span> <span class='ocrx_word' id='word_1_71' title='bbox 893 2173 1051 2236; x_wconf 91' lang='lat' dir='ltr'>ecclesiae</span> <span class='ocrx_word' id='word_1_72' title='bbox 1072 2173 1241 2238; x_wconf 88' lang='lat' dir='ltr'>Romanae</span> 
     </span>
     <span class='ocr_line' id='line_1_16' title="bbox 188 2273 1241 2357; baseline 0.001 -20"><span class='ocrx_word' id='word_1_73' title='bbox 188 2282 345 2349; x_wconf 88' lang='lat' dir='ltr'>statuere,</span> <span class='ocrx_word' id='word_1_74' title='bbox 360 2273 502 2356; x_wconf 91' lang='lat' dir='ltr'>ideoque</span> <span class='ocrx_word' id='word_1_75' title='bbox 519 2294 652 2336; x_wconf 89' lang='lat' dir='ltr'>necesse</span> <span class='ocrx_word' id='word_1_76' title='bbox 670 2273 846 2337; x_wconf 82' lang='lat' dir='ltr'>habuimus</span> <span class='ocrx_word' id='word_1_77' title='bbox 862 2274 1027 2357; x_wconf 88' lang='lat' dir='ltr'>proipsius</span> <span class='ocrx_word' id='word_1_78' title='bbox 1044 2273 1241 2338; x_wconf 86' lang='lat' dir='ltr'>liberatione</span> 
     </span>
     <span class='ocr_line' id='line_1_17' title="bbox 188 2376 1243 2463; baseline -0.001 -21"><span class='ocrx_word' id='word_1_79' title='bbox 188 2379 383 2463; x_wconf 88' lang='lat' dir='ltr'>propensius</span> <span class='ocrx_word' id='word_1_80' title='bbox 399 2377 556 2440; x_wconf 87' lang='lat' dir='ltr'>laborare.</span> <span class='ocrx_word' id='word_1_81' title='bbox 604 2376 691 2439; x_wconf 87' lang='lat' dir='ltr'>Cum</span> <span class='ocrx_word' id='word_1_82' title='bbox 707 2377 812 2463; x_wconf 83' lang='lat' dir='ltr'>igitur</span> <span class='ocrx_word' id='word_1_83' title='bbox 827 2378 939 2440; x_wconf 88' lang='lat' dir='ltr'>ascitis</span> <span class='ocrx_word' id='word_1_84' title='bbox 956 2377 1049 2441; x_wconf 91' lang='lat' dir='ltr'>nobis</span> <span class='ocrx_word' id='word_1_85' title='bbox 1068 2377 1243 2461; x_wconf 89' lang='lat' dir='ltr'>archiepis-</span> 
     </span>
     <span class='ocr_line' id='line_1_18' title="bbox 188 2480 1243 2566; baseline -0.003 -19"><span class='ocrx_word' id='word_1_86' title='bbox 188 2484 289 2566; x_wconf 84' lang='lat' dir='ltr'>copis,</span> <span class='ocrx_word' id='word_1_87' title='bbox 307 2482 469 2565; x_wconf 88' lang='lat' dir='ltr'>episcopis</span> <span class='ocrx_word' id='word_1_88' title='bbox 486 2488 521 2544; x_wconf 90' lang='grc'>61</span> <span class='ocrx_word' id='word_1_89' title='bbox 536 2480 720 2555; x_wconf 70' lang='lat' dir='ltr'>abbatibus</span> <span class='ocrx_word' id='word_1_90' title='bbox 736 2482 952 2565; x_wconf 88' lang='lat' dir='ltr'>principibus,</span> <span class='ocrx_word' id='word_1_91' title='bbox 969 2481 1120 2557; x_wconf 83' lang='lat' dir='ltr'>ducibus,</span> <span class='ocrx_word' id='word_1_92' title='bbox 1144 2483 1243 2545; x_wconf 92' lang='lat' dir='ltr'>comi·</span> 
     </span>
     <span class='ocr_line' id='line_1_19' title="bbox 189 2584 1240 2669; baseline -0.002 -19"><span class='ocrx_word' id='word_1_93' title='bbox 189 2587 279 2650; x_wconf 89' lang='lat' dir='ltr'>tibus</span> <span class='ocrx_word' id='word_1_94' title='bbox 308 2592 344 2650; x_wconf 93' lang='lat' dir='ltr'>et</span> <span class='ocrx_word' id='word_1_95' title='bbox 374 2584 621 2648; x_wconf 90' lang='lat' dir='ltr'>marchionibus</span> <span class='ocrx_word' id='word_1_96' title='bbox 652 2586 748 2669; x_wconf 83' lang='lat' dir='ltr'>regni</span> <span class='ocrx_word' id='word_1_97' title='bbox 775 2587 899 2660; x_wconf 84' lang='lat' dir='ltr'>nostri3</span> <span class='ocrx_word' id='word_1_98' title='bbox 930 2587 1101 2669; x_wconf 89' lang='lat' dir='ltr'>episcopos</span> <span class='ocrx_word' id='word_1_99' title='bbox 1129 2587 1240 2661; x_wconf 88' lang='lat' dir='ltr'>etiam,</span> 
     </span>
     <span class='ocr_line' id='line_1_20' title="bbox 189 2688 1243 2766; baseline -0.002 -11"><span class='ocrx_word' id='word_1_100' title='bbox 189 2691 336 2765; x_wconf 84' lang='lat' dir='ltr'>comites,</span> <span class='ocrx_word' id='word_1_101' title='bbox 354 2695 388 2754; x_wconf 93' lang='lat' dir='ltr'>et</span> <span class='ocrx_word' id='word_1_102' title='bbox 403 2689 485 2752; x_wconf 90' lang='lat' dir='ltr'>alios</span> <span class='ocrx_word' id='word_1_103' title='bbox 502 2688 641 2752; x_wconf 90' lang='lat' dir='ltr'>barones</span> <span class='ocrx_word' id='word_1_104' title='bbox 663 2689 780 2751; x_wconf 89' lang='lat' dir='ltr'>ltaliae</span> <span class='ocrx_word' id='word_1_105' title='bbox 801 2689 974 2752; x_wconf 91' lang='lat' dir='ltr'>nobiscum</span> <span class='ocrx_word' id='word_1_106' title='bbox 990 2689 1160 2766; x_wconf 71' lang='lat' dir='ltr'>ducentes</span> <span class='ocrx_word' id='word_1_107' title='bbox 1176 2690 1243 2753; x_wconf 92' lang='lat' dir='ltr'>bel·</span> 
     </span>
     <span class='ocr_line' id='line_1_21' title="bbox 187 2790 1240 2877; baseline 0 -19"><span class='ocrx_word' id='word_1_108' title='bbox 187 2795 253 2858; x_wconf 91' lang='lat' dir='ltr'>lico</span> <span class='ocrx_word' id='word_1_109' title='bbox 276 2799 438 2877; x_wconf 90' lang='lat' dir='ltr'>apparatu</span> <span class='ocrx_word' id='word_1_110' title='bbox 461 2792 587 2875; x_wconf 85' lang='lat' dir='ltr'>stipati,</span> <span class='ocrx_word' id='word_1_111' title='bbox 605 2790 649 2854; x_wconf 88' lang='lat' dir='ltr'>ad</span> <span class='ocrx_word' id='word_1_112' title='bbox 673 2791 798 2856; x_wconf 91' lang='lat' dir='ltr'>Urbem</span> <span class='ocrx_word' id='word_1_113' title='bbox 821 2794 1083 2876; x_wconf 88' lang='lat' dir='ltr'>profiscercmur‚</span> <span class='ocrx_word' id='word_1_114' title='bbox 1102 2795 1240 2858; x_wconf 89' lang='lat' dir='ltr'>nuutios</span> 
     </span>
     <span class='ocr_line' id='line_1_22' title="bbox 187 2894 1240 2980; baseline 0 -18"><span class='ocrx_word' id='word_1_115' title='bbox 187 2897 391 2962; x_wconf 86' lang='lat' dir='ltr'>schismatici</span> <span class='ocrx_word' id='word_1_116' title='bbox 421 2896 514 2958; x_wconf 91' lang='lat' dir='ltr'>illius</span> <span class='ocrx_word' id='word_1_117' title='bbox 546 2894 639 2959; x_wconf 86' lang='lat' dir='ltr'>Petri</span> <span class='ocrx_word' id='word_1_118' title='bbox 674 2895 795 2959; x_wconf 88' lang='lat' dir='ltr'>Leonis</span> <span class='ocrx_word' id='word_1_119' title='bbox 829 2896 1024 2980; x_wconf 74' lang='lat' dir='ltr'>frequenter</span> <span class='ocrx_word' id='word_1_120' title='bbox 1053 2898 1240 2962; x_wconf 79' lang='lat' dir='ltr'>habuimus</span> 
     </span>
     <span class='ocr_line' id='line_1_23' title="bbox 189 2988 1239 3085; baseline 0.005 -22"><span class='ocrx_word' id='word_1_121' title='bbox 189 2988 265 3080; x_wconf 73' lang='lat' dir='ltr'>Qui¹</span> <span class='ocrx_word' id='word_1_122' title='bbox 285 3001 445 3062; x_wconf 87' lang='lat' dir='ltr'>nimirum</span> <span class='ocrx_word' id='word_1_123' title='bbox 471 3021 513 3063; x_wconf 81' lang='lat' dir='ltr'>ex</span> <span class='ocrx_word' id='word_1_124' title='bbox 540 3006 635 3084; x_wconf 90' lang='lat' dir='ltr'>parte</span> <span class='ocrx_word' id='word_1_125' title='bbox 663 3000 755 3063; x_wconf 90' lang='lat' dir='ltr'>illius</span> <span class='ocrx_word' id='word_1_126' title='bbox 782 3001 945 3063; x_wconf 91' lang='lat' dir='ltr'>iustitiam</span> <span class='ocrx_word' id='word_1_127' title='bbox 971 3003 1239 3085; x_wconf 68' lang='lat' dir='ltr'>praetendentes</span> 
     </span>
     <span class='ocr_line' id='line_1_24' title="bbox 186 3104 1240 3194; baseline 0.001 -25"><span class='ocrx_word' id='word_1_128' title='bbox 186 3106 250 3190; x_wconf 90' lang='lat' dir='ltr'>ipsi</span> <span class='ocrx_word' id='word_1_129' title='bbox 273 3105 309 3166; x_wconf 92' lang='lat' dir='ltr'>in</span> <span class='ocrx_word' id='word_1_130' title='bbox 331 3106 382 3190; x_wconf 87' lang='lat' dir='ltr'>jus</span> <span class='ocrx_word' id='word_1_131' title='bbox 407 3105 454 3168; x_wconf 92' lang='lat' dir='ltr'>ire</span> <span class='ocrx_word' id='word_1_132' title='bbox 477 3111 593 3188; x_wconf 87' lang='lat' dir='ltr'>parato</span> <span class='ocrx_word' id='word_1_133' title='bbox 614 3125 682 3166; x_wconf 92' lang='lat' dir='ltr'>non</span> <span class='ocrx_word' id='word_1_134' title='bbox 702 3104 820 3168; x_wconf 89' lang='lat' dir='ltr'>debere</span> <span class='ocrx_word' id='word_1_135' title='bbox 845 3105 1050 3169; x_wconf 90' lang='lat' dir='ltr'>audientiam</span> <span class='ocrx_word' id='word_1_136' title='bbox 1072 3107 1240 3194; x_wconf 86' lang='lat' dir='ltr'>denegari,</span> 
     </span>
     <span class='ocr_line' id='line_1_25' title="bbox 187 3208 1239 3295; baseline 0.004 -23"><span class='ocrx_word' id='word_1_137' title='bbox 187 3231 249 3273; x_wconf 91' lang='lat' dir='ltr'>nec</span> <span class='ocrx_word' id='word_1_138' title='bbox 273 3208 450 3272; x_wconf 90' lang='lat' dir='ltr'>hostilibus</span> <span class='ocrx_word' id='word_1_139' title='bbox 473 3208 784 3294; x_wconf 86' lang='lat' dir='ltr'>impugnationibus</span> <span class='ocrx_word' id='word_1_140' title='bbox 807 3210 987 3286; x_wconf 88' lang='lat' dir='ltr'>molestari,</span> <span class='ocrx_word' id='word_1_141' title='bbox 1010 3212 1153 3295; x_wconf 90' lang='lat' dir='ltr'>publicis</span> <span class='ocrx_word' id='word_1_142' title='bbox 1177 3213 1239 3276; x_wconf 89' lang='lat' dir='ltr'>cla-</span> 
     </span>
     <span class='ocr_line' id='line_1_26' title="bbox 187 3311 1241 3400; baseline 0.004 -24"><span class='ocrx_word' id='word_1_143' title='bbox 187 3313 334 3376; x_wconf 89' lang='lat' dir='ltr'>moribus</span> <span class='ocrx_word' id='word_1_144' title='bbox 364 3311 565 3376; x_wconf 86' lang='lat' dir='ltr'>asserebant.</span> <span class='ocrx_word' id='word_1_145' title='bbox 615 3313 767 3376; x_wconf 90' lang='lat' dir='ltr'>Diutinis</span> <span class='ocrx_word' id='word_1_146' title='bbox 798 3335 877 3400; x_wconf 86' lang='lat' dir='ltr'>ergo</span> <span class='ocrx_word' id='word_1_147' title='bbox 908 3336 1021 3378; x_wconf 91' lang='lat' dir='ltr'>eorum</span> <span class='ocrx_word' id='word_1_148' title='bbox 1052 3318 1241 3400; x_wconf 89' lang='lat' dir='ltr'>interpella-</span> 
     </span>
     <span class='ocr_line' id='line_1_27' title="bbox 187 3416 1238 3501; baseline 0.004 -21"><span class='ocrx_word' id='word_1_149' title='bbox 187 3417 333 3480; x_wconf 90' lang='lat' dir='ltr'>tionibus</span> <span class='ocrx_word' id='word_1_150' title='bbox 360 3417 543 3500; x_wconf 83' lang='lat' dir='ltr'>provocati,</span> <span class='ocrx_word' id='word_1_151' title='bbox 570 3416 718 3500; x_wconf 88' lang='lat' dir='ltr'>idipsum</span> <span class='ocrx_word' id='word_1_152' title='bbox 745 3418 908 3501; x_wconf 86' lang='lat' dir='ltr'>episcopis</span> <span class='ocrx_word' id='word_1_153' title='bbox 939 3428 974 3482; x_wconf 92' lang='lat' dir='ltr'>et</span> <span class='ocrx_word' id='word_1_154' title='bbox 1004 3419 1238 3496; x_wconf 70' lang='lat' dir='ltr'>cardinalibus</span> 
     </span>
     <span class='ocr_line' id='line_1_28' title="bbox 187 3520 1239 3609; baseline 0.004 -25"><span class='ocrx_word' id='word_1_155' title='bbox 187 3522 339 3606; x_wconf 90' lang='lat' dir='ltr'>quicum</span> <span class='ocrx_word' id='word_1_156' title='bbox 356 3520 479 3583; x_wconf 89' lang='lat' dir='ltr'>domno</span> <span class='ocrx_word' id='word_1_157' title='bbox 495 3542 580 3603; x_wconf 90' lang='lat' dir='ltr'>papa</span> <span class='ocrx_word' id='word_1_158' title='bbox 597 3521 794 3584; x_wconf 90' lang='lat' dir='ltr'>Innocentio</span> <span class='ocrx_word' id='word_1_159' title='bbox 811 3530 915 3598; x_wconf 84' lang='lat' dir='ltr'>erant,</span> <span class='ocrx_word' id='word_1_160' title='bbox 928 3524 1115 3609; x_wconf 89' lang='lat' dir='ltr'>significare</span> <span class='ocrx_word' id='word_1_161' title='bbox 1132 3525 1239 3589; x_wconf 85' lang='lat' dir='ltr'>eoacti</span> 
     </span>
     <span class='ocr_line' id='line_1_29' title="bbox 186 3623 1237 3708; baseline 0.001 -18"><span class='ocrx_word' id='word_1_162' title='bbox 186 3646 312 3690; x_wconf 89' lang='lat' dir='ltr'>sumus.</span> <span class='ocrx_word' id='word_1_163' title='bbox 367 3623 435 3706; x_wconf 89' lang='lat' dir='ltr'>Ipsi</span> <span class='ocrx_word' id='word_1_164' title='bbox 459 3645 550 3699; x_wconf 86' lang='lat' dir='ltr'>vero,</span> <span class='ocrx_word' id='word_1_165' title='bbox 575 3631 747 3708; x_wconf 90' lang='lat' dir='ltr'>tamquam</span> <span class='ocrx_word' id='word_1_166' title='bbox 770 3627 1004 3690; x_wconf 91' lang='lat' dir='ltr'>canonicarum</span> <span class='ocrx_word' id='word_1_167' title='bbox 1027 3629 1237 3692; x_wconf 84' lang='lat' dir='ltr'>sanct-ionum</span> 
     </span>
     <span class='ocr_line' id='line_1_30' title="bbox 186 3727 1239 3817; baseline 0.002 -24"><span class='ocrx_word' id='word_1_168' title='bbox 186 3736 221 3793; x_wconf 92' lang='lat' dir='ltr'>et</span> <span class='ocrx_word' id='word_1_169' title='bbox 239 3728 495 3792; x_wconf 89' lang='lat' dir='ltr'>institutionum</span> <span class='ocrx_word' id='word_1_170' title='bbox 510 3727 811 3792; x_wconf 88' lang='lat' dir='ltr'>ecclesiasticarum</span> <span class='ocrx_word' id='word_1_171' title='bbox 827 3751 894 3792; x_wconf 89' lang='lat' dir='ltr'>nou</span> <span class='ocrx_word' id='word_1_172' title='bbox 911 3731 1029 3817; x_wconf 86' lang='lat' dir='ltr'>ignari,</span> <span class='ocrx_word' id='word_1_173' title='bbox 1046 3733 1239 3796; x_wconf 88' lang='lat' dir='ltr'>universam</span> 
     </span>
    </p>
   </div>
   <div class='ocr_carea' id='block_1_7' title="bbox 0 0 1388 4268">
    <p class='ocr_par' dir='ltr' id='par_1_9' title="bbox 0 0 1388 4268">
     <span class='ocr_line' id='line_1_31' title="bbox 0 0 1388 4268; baseline 0 1"><span class='ocrx_word' id='word_1_174' title='bbox 0 0 1388 4268; x_wconf 95' lang='lat' dir='ltr'> </span> 
     </span>
    </p>
   </div>
  </div>
 </body>
</html>
