<?xml version="1.0" encoding="UTF-8"?>
<!DOCTYPE html PUBLIC "-//W3C//DTD XHTML 1.0 Transitional//EN"
    "http://www.w3.org/TR/xhtml1/DTD/xhtml1-transitional.dtd">
<html xmlns="http://www.w3.org/1999/xhtml" xml:lang="en" lang="en">
 <head>
  <title>
</title>
<meta http-equiv="Content-Type" content="text/html;charset=utf-8" />
  <meta name='ocr-system' content='tesseract 3.04.00' />
  <meta name='ocr-capabilities' content='ocr_page ocr_carea ocr_par ocr_line ocrx_word'/>
</head>
<body>
  <div class='ocr_page' id='page_1' title='image "./selectmediaeval00mathgoog_0046.png"; bbox 0 0 2768 4268; ppageno 0'>
   <div class='ocr_carea' id='block_1_1' title="bbox 304 318 1227 385">
    <p class='ocr_par' dir='ltr' id='par_1_1' title="bbox 304 318 1227 385">
     <span class='ocr_line' id='line_1_1' title="bbox 304 318 1227 385; baseline -0.003 -1"><span class='ocrx_word' id='word_1_1' title='bbox 304 337 441 385; x_wconf 81' lang='lat' dir='ltr'><strong>PERIOD</strong></span> <span class='ocrx_word' id='word_1_2' title='bbox 464 338 511 385; x_wconf 80' lang='lat' dir='ltr'>OF</span> <span class='ocrx_word' id='word_1_3' title='bbox 533 337 607 384; x_wconf 80' lang='lat' dir='ltr'>THE</span> <span class='ocrx_word' id='word_1_4' title='bbox 629 336 874 383; x_wconf 83' lang='lat' dir='ltr'><strong>FRANGONIAN</strong></span> <span class='ocrx_word' id='word_1_5' title='bbox 897 336 1102 383; x_wconf 78' lang='lat' dir='ltr'><strong>EMPERORS.</strong></span> <span class='ocrx_word' id='word_1_6' title='bbox 1186 318 1227 381; x_wconf 76' lang='lat'>41</span> 
     </span>
    </p>
   </div>
   <div class='ocr_carea' id='block_1_2' title="bbox 172 505 1229 1216">
    <p class='ocr_par' dir='ltr' id='par_1_2' title="bbox 172 505 1229 1216">
     <span class='ocr_line' id='line_1_2' title="bbox 172 505 1228 590; baseline -0.001 -21"><span class='ocrx_word' id='word_1_7' title='bbox 172 506 347 581; x_wconf 76' lang='lat' dir='ltr'>strinxisti,</span> <span class='ocrx_word' id='word_1_8' title='bbox 372 505 463 590; x_wconf 92' lang='lat' dir='ltr'>quod</span> <span class='ocrx_word' id='word_1_9' title='bbox 489 526 662 590; x_wconf 90' lang='lat' dir='ltr'>nunquam</span> <span class='ocrx_word' id='word_1_10' title='bbox 686 507 822 570; x_wconf 83' lang='lat' dir='ltr'>vivente</span> <span class='ocrx_word' id='word_1_11' title='bbox 847 507 919 589; x_wconf 90' lang='lat' dir='ltr'>ipso</span> <span class='ocrx_word' id='word_1_12' title='bbox 942 506 1151 589; x_wconf 79' lang='lat' dir='ltr'>imperatore,</span> <span class='ocrx_word' id='word_1_13' title='bbox 1168 511 1228 568; x_wconf 86' lang='lat' dir='ltr'>aut</span> 
     </span>
     <span class='ocr_line' id='line_1_3' title="bbox 173 608 1229 695; baseline -0.001 -23"><span class='ocrx_word' id='word_1_14' title='bbox 173 610 242 681; x_wconf 85' lang='lat' dir='ltr'>filio</span> <span class='ocrx_word' id='word_1_15' title='bbox 265 610 337 694; x_wconf 83' lang='lat' dir='ltr'>ejus</span> <span class='ocrx_word' id='word_1_16' title='bbox 361 608 496 673; x_wconf 91' lang='lat' dir='ltr'>domino</span> <span class='ocrx_word' id='word_1_17' title='bbox 520 619 634 674; x_wconf 93' lang='lat' dir='ltr'>nostro</span> <span class='ocrx_word' id='word_1_18' title='bbox 656 610 803 695; x_wconf 86' lang='lat' dir='ltr'>glorioso</span> <span class='ocrx_word' id='word_1_19' title='bbox 826 631 913 695; x_wconf 86' lang='lat' dir='ltr'>rege,</span> <span class='ocrx_word' id='word_1_20' title='bbox 938 611 997 693; x_wconf 86' lang='lat' dir='ltr'>qui</span> <span class='ocrx_word' id='word_1_21' title='bbox 1022 608 1119 672; x_wconf 93' lang='lat' dir='ltr'>modo</span> <span class='ocrx_word' id='word_1_22' title='bbox 1142 631 1229 672; x_wconf 91' lang='lat' dir='ltr'>sum-</span> 
     </span>
     <span class='ocr_line' id='line_1_4' title="bbox 173 715 1228 799; baseline 0.002 -22"><span class='ocrx_word' id='word_1_23' title='bbox 173 736 244 778; x_wconf 88' lang='lat' dir='ltr'>mae</span> <span class='ocrx_word' id='word_1_24' title='bbox 271 736 383 778; x_wconf 91' lang='lat' dir='ltr'>rerum</span> <span class='ocrx_word' id='word_1_25' title='bbox 409 722 548 798; x_wconf 87' lang='lat' dir='ltr'>praeest,</span> <span class='ocrx_word' id='word_1_26' title='bbox 576 724 737 799; x_wconf 90' lang='lat' dir='ltr'>papatum</span> <span class='ocrx_word' id='word_1_27' title='bbox 764 721 824 778; x_wconf 90' lang='lat' dir='ltr'>aut</span> <span class='ocrx_word' id='word_1_28' title='bbox 851 715 919 798; x_wconf 92' lang='lat' dir='ltr'>ipse</span> <span class='ocrx_word' id='word_1_29' title='bbox 947 715 1142 797; x_wconf 66' lang='lat' dir='ltr'>susciperes</span> <span class='ocrx_word' id='word_1_30' title='bbox 1168 722 1228 779; x_wconf 90' lang='lat' dir='ltr'>aut</span> 
     </span>
     <span class='ocr_line' id='line_1_5' title="bbox 172 818 1227 903; baseline 0 -21"><span class='ocrx_word' id='word_1_31' title='bbox 172 819 276 883; x_wconf 92' lang='lat' dir='ltr'>alium</span> <span class='ocrx_word' id='word_1_32' title='bbox 300 827 464 903; x_wconf 91' lang='lat' dir='ltr'>quantum</span> <span class='ocrx_word' id='word_1_33' title='bbox 488 819 523 883; x_wconf 90' lang='lat' dir='ltr'>in</span> <span class='ocrx_word' id='word_1_34' title='bbox 547 827 580 882; x_wconf 91' lang='lat' dir='ltr'>te</span> <span class='ocrx_word' id='word_1_35' title='bbox 604 828 692 883; x_wconf 92' lang='lat' dir='ltr'>esset</span> <span class='ocrx_word' id='word_1_36' title='bbox 718 819 885 902; x_wconf 76' lang='lat' dir='ltr'>suscipere</span> <span class='ocrx_word' id='word_1_37' title='bbox 909 820 1079 903; x_wconf 69' lang='lat' dir='ltr'>patereris</span> <span class='ocrx_word' id='word_1_38' title='bbox 1102 818 1227 902; x_wconf 86' lang='lat' dir='ltr'>absque</span> 
     </span>
     <span class='ocr_line' id='line_1_6' title="bbox 173 922 1226 1006; baseline -0.001 -20"><span class='ocrx_word' id='word_1_39' title='bbox 173 944 309 987; x_wconf 89' lang='lat' dir='ltr'>assensu</span> <span class='ocrx_word' id='word_1_40' title='bbox 336 933 371 987; x_wconf 93' lang='lat' dir='ltr'>et</span> <span class='ocrx_word' id='word_1_41' title='bbox 397 922 612 987; x_wconf 82' lang='lat' dir='ltr'>laudamento</span> <span class='ocrx_word' id='word_1_42' title='bbox 636 923 691 987; x_wconf 83' lang='lat' dir='ltr'>vel</span> <span class='ocrx_word' id='word_1_43' title='bbox 714 924 818 1006; x_wconf 88' lang='lat' dir='ltr'>patris</span> <span class='ocrx_word' id='word_1_44' title='bbox 842 923 922 985; x_wconf 87' lang='lat' dir='ltr'>dum</span> <span class='ocrx_word' id='word_1_45' title='bbox 949 924 1085 998; x_wconf 89' lang='lat' dir='ltr'>viveret,</span> <span class='ocrx_word' id='word_1_46' title='bbox 1110 932 1144 987; x_wconf 90' lang='lat' dir='ltr'>et</span> <span class='ocrx_word' id='word_1_47' title='bbox 1168 924 1226 985; x_wconf 89' lang='lat' dir='ltr'>filii</span> 
     </span>
     <span class='ocr_line' id='line_1_7' title="bbox 173 1026 1227 1111; baseline 0.001 -21"><span class='ocrx_word' id='word_1_48' title='bbox 173 1027 253 1090; x_wconf 91' lang='lat' dir='ltr'>dum</span> <span class='ocrx_word' id='word_1_49' title='bbox 284 1035 319 1090; x_wconf 89' lang='lat' dir='ltr'>et</span> <span class='ocrx_word' id='word_1_50' title='bbox 348 1027 418 1111; x_wconf 86' lang='lat' dir='ltr'>ipse</span> <span class='ocrx_word' id='word_1_51' title='bbox 446 1028 585 1090; x_wconf 85' lang='lat' dir='ltr'>viveret.</span> <span class='ocrx_word' id='word_1_52' title='bbox 632 1026 756 1111; x_wconf 84' lang='lat' dir='ltr'>Adque</span> <span class='ocrx_word' id='word_1_53' title='bbox 787 1027 848 1090; x_wconf 91' lang='lat' dir='ltr'>hoc</span> <span class='ocrx_word' id='word_1_54' title='bbox 875 1035 1120 1091; x_wconf 90' lang='lat' dir='ltr'>sacramentum</span> <span class='ocrx_word' id='word_1_55' title='bbox 1147 1034 1227 1091; x_wconf 89' lang='lat' dir='ltr'>sunt</span> 
     </span>
     <span class='ocr_line' id='line_1_8' title="bbox 173 1130 1226 1216; baseline 0.001 -22"><span class='ocrx_word' id='word_1_56' title='bbox 173 1130 270 1195; x_wconf 89' lang='lat' dir='ltr'>hodie</span> <span class='ocrx_word' id='word_1_57' title='bbox 295 1140 398 1195; x_wconf 86' lang='lat' dir='ltr'>testes</span> <span class='ocrx_word' id='word_1_58' title='bbox 421 1132 573 1215; x_wconf 89' lang='lat' dir='ltr'>plerique</span> <span class='ocrx_word' id='word_1_59' title='bbox 598 1133 756 1216; x_wconf 79' lang='lat' dir='ltr'>episcopi,</span> <span class='ocrx_word' id='word_1_60' title='bbox 781 1133 840 1216; x_wconf 90' lang='lat' dir='ltr'>qui</span> <span class='ocrx_word' id='word_1_61' title='bbox 863 1130 925 1195; x_wconf 92' lang='lat' dir='ltr'>hoc</span> <span class='ocrx_word' id='word_1_62' title='bbox 951 1140 1032 1195; x_wconf 92' lang='lat' dir='ltr'>tunc</span> <span class='ocrx_word' id='word_1_63' title='bbox 1061 1140 1095 1195; x_wconf 89' lang='lat' dir='ltr'>et</span> <span class='ocrx_word' id='word_1_64' title='bbox 1120 1132 1226 1196; x_wconf 89' lang='lat' dir='ltr'>oculis</span> 
     </span>
    </p>
   </div>
   <div class='ocr_carea' id='block_1_3' title="bbox 90 1234 1225 1312">
    <p class='ocr_par' dir='ltr' id='par_1_3' title="bbox 90 1234 1225 1312">
     <span class='ocr_line' id='line_1_9' title="bbox 90 1234 1225 1312; baseline 0.002 -14"><span class='ocrx_word' id='word_1_65' title='bbox 90 1280 94 1289; x_wconf 81' lang='lat'><em>-</em></span> <span class='ocrx_word' id='word_1_66' title='bbox 172 1237 241 1299; x_wconf 89' lang='lat' dir='ltr'>suis</span> <span class='ocrx_word' id='word_1_67' title='bbox 258 1234 370 1299; x_wconf 89' lang='lat' dir='ltr'>videre</span> <span class='ocrx_word' id='word_1_68' title='bbox 394 1244 429 1299; x_wconf 90' lang='lat' dir='ltr'>et</span> <span class='ocrx_word' id='word_1_69' title='bbox 451 1235 586 1298; x_wconf 89' lang='lat' dir='ltr'>auribus</span> <span class='ocrx_word' id='word_1_70' title='bbox 609 1236 754 1299; x_wconf 88' lang='lat' dir='ltr'>audiere.</span> <span class='ocrx_word' id='word_1_71' title='bbox 801 1235 895 1298; x_wconf 92' lang='lat' dir='ltr'>Illud</span> <span class='ocrx_word' id='word_1_72' title='bbox 918 1236 1019 1299; x_wconf 90' lang='lat' dir='ltr'>etiam</span> <span class='ocrx_word' id='word_1_73' title='bbox 1042 1235 1225 1312; x_wconf 89' lang='lat' dir='ltr'>recordare,</span> 
     </span>
    </p>
   </div>
   <div class='ocr_carea' id='block_1_4' title="bbox 172 1339 1264 3820">
    <p class='ocr_par' dir='ltr' id='par_1_4' title="bbox 172 1339 1264 3820">
     <span class='ocr_line' id='line_1_10' title="bbox 173 1339 1227 1425; baseline -0.001 -22"><span class='ocrx_word' id='word_1_74' title='bbox 173 1339 341 1425; x_wconf 90' lang='lat' dir='ltr'>quomodo</span> <span class='ocrx_word' id='word_1_75' title='bbox 365 1348 402 1403; x_wconf 89' lang='lat' dir='ltr'>tu</span> <span class='ocrx_word' id='word_1_76' title='bbox 427 1340 600 1423; x_wconf 88' lang='lat' dir='ltr'>ipse,cun1</span> <span class='ocrx_word' id='word_1_77' title='bbox 624 1340 755 1424; x_wconf 90' lang='lat' dir='ltr'>aliquos</span> <span class='ocrx_word' id='word_1_78' title='bbox 779 1362 820 1404; x_wconf 89' lang='lat' dir='ltr'>ex</span> <span class='ocrx_word' id='word_1_79' title='bbox 844 1339 1067 1403; x_wconf 85' lang='lat' dir='ltr'>cardinalibus</span> <span class='ocrx_word' id='word_1_80' title='bbox 1090 1339 1227 1403; x_wconf 89' lang='lat' dir='ltr'>ambitio</span> 
     </span>
     <span class='ocr_line' id='line_1_11' title="bbox 173 1443 1229 1530; baseline -0.002 -21"><span class='ocrx_word' id='word_1_81' title='bbox 173 1455 313 1530; x_wconf 87' lang='lat' dir='ltr'>papatus</span> <span class='ocrx_word' id='word_1_82' title='bbox 331 1445 495 1518; x_wconf 85' lang='lat' dir='ltr'>titillaret,</span> <span class='ocrx_word' id='word_1_83' title='bbox 512 1443 554 1506; x_wconf 89' lang='lat' dir='ltr'>ad</span> <span class='ocrx_word' id='word_1_84' title='bbox 570 1443 753 1508; x_wconf 87' lang='lat' dir='ltr'>tollendam</span> <span class='ocrx_word' id='word_1_85' title='bbox 770 1445 1035 1518; x_wconf 88' lang='lat' dir='ltr'>aemulationem,</span> <span class='ocrx_word' id='word_1_86' title='bbox 1051 1444 1113 1507; x_wconf 92' lang='lat' dir='ltr'>hac</span> <span class='ocrx_word' id='word_1_87' title='bbox 1138 1466 1229 1507; x_wconf 91' lang='lat' dir='ltr'>occa·</span> 
     </span>
     <span class='ocr_line' id='line_1_12' title="bbox 172 1546 1264 1630; baseline -0.001 -18"><span class='ocrx_word' id='word_1_88' title='bbox 172 1551 265 1613; x_wconf 93' lang='lat' dir='ltr'>sione</span> <span class='ocrx_word' id='word_1_89' title='bbox 282 1557 316 1613; x_wconf 93' lang='lat' dir='ltr'>et</span> <span class='ocrx_word' id='word_1_90' title='bbox 331 1547 523 1612; x_wconf 90' lang='lat' dir='ltr'>conditione</span> <span class='ocrx_word' id='word_1_91' title='bbox 539 1555 579 1611; x_wconf 92' lang='lat' dir='ltr'>ut</span> <span class='ocrx_word' id='word_1_92' title='bbox 592 1547 678 1611; x_wconf 88' lang='lat' dir='ltr'>idem</span> <span class='ocrx_word' id='word_1_93' title='bbox 691 1548 753 1610; x_wconf 94' lang='lat' dir='ltr'>hoc</span> <span class='ocrx_word' id='word_1_94' title='bbox 766 1549 835 1630; x_wconf 89' lang='lat' dir='ltr'>ipse</span> <span class='ocrx_word' id='word_1_95' title='bbox 849 1546 1007 1620; x_wconf 80' lang='lat' dir='ltr'>iacerent,</span> <span class='ocrx_word' id='word_1_96' title='bbox 1020 1556 1226 1611; x_wconf 89' lang='lat' dir='ltr'>sacramento</span> <span class='ocrx_word' id='word_1_97' title='bbox 1262 1607 1264 1611; x_wconf 81' lang='grc'>,</span> 
     </span>
     <span class='ocr_line' id='line_1_13' title="bbox 174 1651 1226 1738; baseline -0.002 -21"><span class='ocrx_word' id='word_1_98' title='bbox 174 1662 206 1717; x_wconf 89' lang='lat' dir='ltr'>te</span> <span class='ocrx_word' id='word_1_99' title='bbox 235 1653 401 1738; x_wconf 84' lang='lat' dir='ltr'>obligasti,</span> <span class='ocrx_word' id='word_1_100' title='bbox 430 1651 521 1736; x_wconf 92' lang='lat' dir='ltr'>quod</span> <span class='ocrx_word' id='word_1_101' title='bbox 546 1673 719 1736; x_wconf 91' lang='lat' dir='ltr'>nunquam</span> <span class='ocrx_word' id='word_1_102' title='bbox 743 1658 904 1735; x_wconf 89' lang='lat' dir='ltr'>papatum</span> <span class='ocrx_word' id='word_1_103' title='bbox 924 1651 1100 1715; x_wconf 89' lang='lat' dir='ltr'>habiturus</span> <span class='ocrx_word' id='word_1_104' title='bbox 1127 1673 1226 1715; x_wconf 80' lang='lat' dir='ltr'>esses</span> 
     </span>
     <span class='ocr_line' id='line_1_14' title="bbox 175 1753 1226 1840; baseline -0.002 -19"><span class='ocrx_word' id='word_1_105' title='bbox 175 1757 328 1840; x_wconf 86' lang='lat' dir='ltr'>Utraque</span> <span class='ocrx_word' id='word_1_106' title='bbox 345 1756 426 1820; x_wconf 90' lang='lat' dir='ltr'>haec</span> <span class='ocrx_word' id='word_1_107' title='bbox 443 1763 650 1819; x_wconf 87' lang='lat' dir='ltr'>sacramenta</span> <span class='ocrx_word' id='word_1_108' title='bbox 672 1776 771 1839; x_wconf 92' lang='lat' dir='ltr'>quam</span> <span class='ocrx_word' id='word_1_109' title='bbox 796 1764 909 1819; x_wconf 90' lang='lat' dir='ltr'>sancte</span> <span class='ocrx_word' id='word_1_110' title='bbox 933 1753 1171 1830; x_wconf 69' lang='lat' dir='ltr'>observaveris</span> <span class='ocrx_word' id='word_1_111' title='bbox 1188 1764 1226 1819; x_wconf 90' lang='lat' dir='ltr'>tu</span> 
     </span>
     <span class='ocr_line' id='line_1_15' title="bbox 175 1858 1227 1945; baseline -0.002 -20"><span class='ocrx_word' id='word_1_112' title='bbox 175 1860 308 1928; x_wconf 88' lang='lat' dir='ltr'>videris.</span> <span class='ocrx_word' id='word_1_113' title='bbox 355 1860 533 1924; x_wconf 88' lang='lat' dir='ltr'>Praeterea</span> <span class='ocrx_word' id='word_1_114' title='bbox 549 1881 625 1923; x_wconf 91' lang='lat' dir='ltr'>cum</span> <span class='ocrx_word' id='word_1_115' title='bbox 642 1867 789 1942; x_wconf 87' lang='lat' dir='ltr'>tempore</span> <span class='ocrx_word' id='word_1_116' title='bbox 812 1859 943 1923; x_wconf 88' lang='lat' dir='ltr'>Nicolai</span> <span class='ocrx_word' id='word_1_117' title='bbox 959 1881 1062 1943; x_wconf 90' lang='lat' dir='ltr'>papae</span> <span class='ocrx_word' id='word_1_118' title='bbox 1078 1858 1227 1945; x_wconf 90' lang='lat' dir='ltr'>synodus</span> 
     </span>
     <span class='ocr_line' id='line_1_16' title="bbox 174 1962 1228 2048; baseline -0.003 -19"><span class='ocrx_word' id='word_1_119' title='bbox 174 1964 407 2040; x_wconf 89' lang='lat' dir='ltr'>celebraretur,</span> <span class='ocrx_word' id='word_1_120' title='bbox 424 1965 459 2026; x_wconf 93' lang='lat' dir='ltr'>in</span> <span class='ocrx_word' id='word_1_121' title='bbox 475 1985 542 2048; x_wconf 90' lang='lat' dir='ltr'>qua</span> <span class='ocrx_word' id='word_1_122' title='bbox 558 1962 621 2027; x_wconf 79' lang='lat'>125</span> <span class='ocrx_word' id='word_1_123' title='bbox 638 1964 784 2047; x_wconf 88' lang='lat' dir='ltr'>episcopi</span> <span class='ocrx_word' id='word_1_124' title='bbox 797 1962 1027 2038; x_wconf 90' lang='lat' dir='ltr'>consederant,</span> <span class='ocrx_word' id='word_1_125' title='bbox 1040 1962 1103 2027; x_wconf 93' lang='lat' dir='ltr'>sub</span> <span class='ocrx_word' id='word_1_126' title='bbox 1114 1964 1228 2027; x_wconf 90' lang='lat' dir='ltr'>anath·</span> 
     </span>
     <span class='ocr_line' id='line_1_17' title="bbox 175 2067 1228 2153; baseline -0.003 -19"><span class='ocrx_word' id='word_1_127' title='bbox 175 2077 280 2134; x_wconf 90' lang='lat' dir='ltr'>emate</span> <span class='ocrx_word' id='word_1_128' title='bbox 300 2069 335 2133; x_wconf 89' lang='lat' dir='ltr'>id</span> <span class='ocrx_word' id='word_1_129' title='bbox 357 2075 524 2133; x_wconf 90' lang='lat' dir='ltr'>statutum</span> <span class='ocrx_word' id='word_1_130' title='bbox 546 2077 581 2131; x_wconf 90' lang='lat' dir='ltr'>et</span> <span class='ocrx_word' id='word_1_131' title='bbox 604 2067 776 2132; x_wconf 90' lang='lat' dir='ltr'>decretum</span> <span class='ocrx_word' id='word_1_132' title='bbox 798 2074 859 2141; x_wconf 92' lang='lat' dir='ltr'>est,</span> <span class='ocrx_word' id='word_1_133' title='bbox 876 2074 915 2131; x_wconf 95' lang='lat' dir='ltr'>ut</span> <span class='ocrx_word' id='word_1_134' title='bbox 938 2068 1053 2131; x_wconf 92' lang='lat' dir='ltr'>nullus</span> <span class='ocrx_word' id='word_1_135' title='bbox 1077 2090 1228 2153; x_wconf 90' lang='lat' dir='ltr'>unquam</span> 
     </span>
     <span class='ocr_line' id='line_1_18' title="bbox 174 2171 1229 2258; baseline 0 -22"><span class='ocrx_word' id='word_1_136' title='bbox 174 2195 259 2258; x_wconf 88' lang='lat' dir='ltr'>papa</span> <span class='ocrx_word' id='word_1_137' title='bbox 274 2174 379 2248; x_wconf 89' lang='lat' dir='ltr'>fieret,</span> <span class='ocrx_word' id='word_1_138' title='bbox 396 2173 461 2236; x_wconf 90' lang='lat' dir='ltr'>nisi</span> <span class='ocrx_word' id='word_1_139' title='bbox 477 2194 536 2256; x_wconf 94' lang='lat' dir='ltr'>per</span> <span class='ocrx_word' id='word_1_140' title='bbox 552 2172 751 2236; x_wconf 87' lang='lat' dir='ltr'>electionem</span> <span class='ocrx_word' id='word_1_141' title='bbox 774 2171 993 2235; x_wconf 90' lang='lat' dir='ltr'>cardinalium</span> <span class='ocrx_word' id='word_1_142' title='bbox 1016 2179 1051 2236; x_wconf 92' lang='lat' dir='ltr'>et</span> <span class='ocrx_word' id='word_1_143' title='bbox 1073 2171 1229 2256; x_wconf 88' lang='lat' dir='ltr'>approba·</span> 
     </span>
     <span class='ocr_line' id='line_1_19' title="bbox 175 2276 1227 2362; baseline -0.004 -20"><span class='ocrx_word' id='word_1_144' title='bbox 175 2279 300 2342; x_wconf 92' lang='lat' dir='ltr'>tionem</span> <span class='ocrx_word' id='word_1_145' title='bbox 322 2277 440 2362; x_wconf 93' lang='lat' dir='ltr'>populi</span> <span class='ocrx_word' id='word_1_146' title='bbox 463 2285 497 2341; x_wconf 87' lang='lat' dir='ltr'>ct</span> <span class='ocrx_word' id='word_1_147' title='bbox 520 2299 579 2361; x_wconf 90' lang='lat' dir='ltr'>per</span> <span class='ocrx_word' id='word_1_148' title='bbox 603 2297 801 2340; x_wconf 90' lang='lat' dir='ltr'>consensum</span> <span class='ocrx_word' id='word_1_149' title='bbox 824 2276 1106 2360; x_wconf 86' lang='lat' dir='ltr'>autoritatemque</span> <span class='ocrx_word' id='word_1_150' title='bbox 1130 2278 1227 2361; x_wconf 87' lang='lat' dir='ltr'>regis.</span> 
     </span>
     <span class='ocr_line' id='line_1_20' title="bbox 176 2379 1228 2468; baseline -0.004 -21"><span class='ocrx_word' id='word_1_151' title='bbox 176 2383 291 2467; x_wconf 90' lang='lat' dir='ltr'>Atque</span> <span class='ocrx_word' id='word_1_152' title='bbox 307 2382 408 2468; x_wconf 86' lang='lat' dir='ltr'>hujus</span> <span class='ocrx_word' id='word_1_153' title='bbox 425 2381 556 2447; x_wconf 87' lang='lat' dir='ltr'>consilii</span> <span class='ocrx_word' id='word_1_154' title='bbox 568 2402 627 2445; x_wconf 92' lang='lat' dir='ltr'>seu</span> <span class='ocrx_word' id='word_1_155' title='bbox 640 2379 765 2444; x_wconf 90' lang='lat' dir='ltr'>decreti</span> <span class='ocrx_word' id='word_1_156' title='bbox 779 2387 816 2444; x_wconf 91' lang='lat' dir='ltr'>tu</span> <span class='ocrx_word' id='word_1_157' title='bbox 830 2380 899 2464; x_wconf 92' lang='lat' dir='ltr'>ipse</span> <span class='ocrx_word' id='word_1_158' title='bbox 913 2387 1039 2454; x_wconf 86' lang='lat' dir='ltr'>auctor,</span> <span class='ocrx_word' id='word_1_159' title='bbox 1053 2402 1228 2464; x_wconf 87' lang='lat' dir='ltr'>persuasor</span> 
     </span>
     <span class='ocr_line' id='line_1_21' title="bbox 174 2483 1228 2571; baseline -0.004 -20"><span class='ocrx_word' id='word_1_160' title='bbox 174 2486 445 2571; x_wconf 89' lang='lat' dir='ltr'>subscriptorque</span> <span class='ocrx_word' id='word_1_161' title='bbox 473 2485 579 2549; x_wconf 85' lang='lat' dir='ltr'>fuisti.</span> <span class='ocrx_word' id='word_1_162' title='bbox 626 2485 683 2548; x_wconf 81' lang='lat' dir='ltr'>Ad</span> <span class='ocrx_word' id='word_1_163' title='bbox 709 2484 772 2548; x_wconf 92' lang='lat' dir='ltr'>hoc</span> <span class='ocrx_word' id='word_1_164' title='bbox 800 2485 896 2568; x_wconf 84' lang='lat' dir='ltr'>quasi</span> <span class='ocrx_word' id='word_1_165' title='bbox 923 2483 1050 2548; x_wconf 85' lang='lat' dir='ltr'>foetore</span> <span class='ocrx_word' id='word_1_166' title='bbox 1082 2484 1228 2568; x_wconf 91' lang='lat' dir='ltr'>quodam</span> 
     </span>
     <span class='ocr_line' id='line_1_22' title="bbox 174 2588 1228 2676; baseline 0 -24"><span class='ocrx_word' id='word_1_167' title='bbox 174 2592 361 2676; x_wconf 81' lang='lat' dir='ltr'>gravissimi</span> <span class='ocrx_word' id='word_1_168' title='bbox 377 2589 526 2654; x_wconf 91' lang='lat' dir='ltr'>scandali</span> <span class='ocrx_word' id='word_1_169' title='bbox 544 2596 649 2654; x_wconf 91' lang='lat' dir='ltr'>totam</span> <span class='ocrx_word' id='word_1_170' title='bbox 665 2589 839 2653; x_wconf 90' lang='lat' dir='ltr'>ecclesiam</span> <span class='ocrx_word' id='word_1_171' title='bbox 856 2588 992 2673; x_wconf 91' lang='lat' dir='ltr'>replesti</span> <span class='ocrx_word' id='word_1_172' title='bbox 1009 2588 1049 2652; x_wconf 89' lang='lat' dir='ltr'>dc</span> <span class='ocrx_word' id='word_1_173' title='bbox 1069 2590 1228 2653; x_wconf 82' lang='lat' dir='ltr'>convictu</span> 
     </span>
     <span class='ocr_line' id='line_1_23' title="bbox 175 2691 1228 2777; baseline -0.003 -19"><span class='ocrx_word' id='word_1_174' title='bbox 175 2702 210 2758; x_wconf 89' lang='lat' dir='ltr'>et</span> <span class='ocrx_word' id='word_1_175' title='bbox 245 2695 491 2759; x_wconf 88' lang='lat' dir='ltr'>cohabitatione</span> <span class='ocrx_word' id='word_1_176' title='bbox 529 2694 656 2758; x_wconf 87' lang='lat' dir='ltr'>alienae</span> <span class='ocrx_word' id='word_1_177' title='bbox 693 2693 841 2756; x_wconf 86' lang='lat' dir='ltr'>mulieris</span> <span class='ocrx_word' id='word_1_178' title='bbox 879 2691 1095 2767; x_wconf 85' lang='lat' dir='ltr'>familiariori,</span> <span class='ocrx_word' id='word_1_179' title='bbox 1127 2714 1228 2777; x_wconf 87' lang='lat' dir='ltr'>quarn</span> 
     </span>
     <span class='ocr_line' id='line_1_24' title="bbox 176 2796 1229 2883; baseline -0.001 -23"><span class='ocrx_word' id='word_1_180' title='bbox 176 2819 309 2862; x_wconf 86' lang='lat' dir='ltr'>necesse</span> <span class='ocrx_word' id='word_1_181' title='bbox 327 2806 387 2862; x_wconf 89' lang='lat' dir='ltr'>est.</span> <span class='ocrx_word' id='word_1_182' title='bbox 435 2799 474 2861; x_wconf 92' lang='lat' dir='ltr'>In</span> <span class='ocrx_word' id='word_1_183' title='bbox 496 2820 563 2883; x_wconf 89' lang='lat' dir='ltr'>qua</span> <span class='ocrx_word' id='word_1_184' title='bbox 587 2820 619 2861; x_wconf 92' lang='lat' dir='ltr'>re</span> <span class='ocrx_word' id='word_1_185' title='bbox 637 2796 839 2861; x_wconf 88' lang='lat' dir='ltr'>verecundia</span> <span class='ocrx_word' id='word_1_186' title='bbox 862 2805 976 2860; x_wconf 91' lang='lat' dir='ltr'>nostra</span> <span class='ocrx_word' id='word_1_187' title='bbox 1000 2798 1104 2882; x_wconf 87' lang='lat' dir='ltr'>magis</span> <span class='ocrx_word' id='word_1_188' title='bbox 1128 2818 1229 2880; x_wconf 89' lang='lat' dir='ltr'>quam</span> 
     </span>
     <span class='ocr_line' id='line_1_25' title="bbox 177 2900 1227 2986; baseline 0 -22"><span class='ocrx_word' id='word_1_189' title='bbox 177 2923 275 2965; x_wconf 87' lang='lat' dir='ltr'>causa</span> <span class='ocrx_word' id='word_1_190' title='bbox 302 2901 438 2975; x_wconf 87' lang='lat' dir='ltr'>laborat,</span> <span class='ocrx_word' id='word_1_191' title='bbox 465 2903 618 2986; x_wconf 88' lang='lat' dir='ltr'>quamvis</span> <span class='ocrx_word' id='word_1_192' title='bbox 643 2902 725 2965; x_wconf 91' lang='lat' dir='ltr'>haec</span> <span class='ocrx_word' id='word_1_193' title='bbox 750 2900 916 2986; x_wconf 84' lang='lat' dir='ltr'>generalis</span> <span class='ocrx_word' id='word_1_194' title='bbox 942 2901 1078 2984; x_wconf 89' lang='lat' dir='ltr'>querela</span> <span class='ocrx_word' id='word_1_195' title='bbox 1102 2901 1227 2984; x_wconf 90' lang='lat' dir='ltr'>ubique</span> 
     </span>
     <span class='ocr_line' id='line_1_26' title="bbox 176 3004 1229 3090; baseline -0.004 -20"><span class='ocrx_word' id='word_1_196' title='bbox 176 3008 395 3090; x_wconf 86' lang='lat' dir='ltr'>personuerit,</span> <span class='ocrx_word' id='word_1_197' title='bbox 409 3007 518 3069; x_wconf 89' lang='lat' dir='ltr'>onmia</span> <span class='ocrx_word' id='word_1_198' title='bbox 533 3005 668 3090; x_wconf 88' lang='lat' dir='ltr'>judicia,</span> <span class='ocrx_word' id='word_1_199' title='bbox 685 3007 796 3067; x_wconf 91' lang='lat' dir='ltr'>omnia</span> <span class='ocrx_word' id='word_1_200' title='bbox 813 3005 946 3068; x_wconf 87' lang='lat' dir='ltr'>decreta</span> <span class='ocrx_word' id='word_1_201' title='bbox 962 3027 1021 3088; x_wconf 91' lang='lat' dir='ltr'>per</span> <span class='ocrx_word' id='word_1_202' title='bbox 1037 3004 1177 3069; x_wconf 83' lang='lat' dir='ltr'>feminas</span> <span class='ocrx_word' id='word_1_203' title='bbox 1194 3006 1229 3066; x_wconf 90' lang='lat' dir='ltr'>in</span> 
     </span>
     <span class='ocr_line' id='line_1_27' title="bbox 177 3107 1231 3193; baseline -0.003 -20"><span class='ocrx_word' id='word_1_204' title='bbox 177 3111 358 3193; x_wconf 86' lang='lat' dir='ltr'>apostolica</span> <span class='ocrx_word' id='word_1_205' title='bbox 385 3109 462 3174; x_wconf 90' lang='lat' dir='ltr'>sede</span> <span class='ocrx_word' id='word_1_206' title='bbox 490 3111 633 3183; x_wconf 82' lang='lat' dir='ltr'>actitari,</span> <span class='ocrx_word' id='word_1_207' title='bbox 658 3108 803 3192; x_wconf 92' lang='lat' dir='ltr'>denique</span> <span class='ocrx_word' id='word_1_208' title='bbox 832 3130 891 3191; x_wconf 92' lang='lat' dir='ltr'>per</span> <span class='ocrx_word' id='word_1_209' title='bbox 914 3107 1003 3171; x_wconf 91' lang='lat' dir='ltr'>hunc</span> <span class='ocrx_word' id='word_1_210' title='bbox 1028 3108 1231 3172; x_wconf 86' lang='lat' dir='ltr'>feminarum</span> 
     </span>
     <span class='ocr_line' id='line_1_28' title="bbox 177 3211 1229 3278; baseline -0.002 -2"><span class='ocrx_word' id='word_1_211' title='bbox 177 3234 303 3277; x_wconf 92' lang='lat' dir='ltr'>novum</span> <span class='ocrx_word' id='word_1_212' title='bbox 332 3222 487 3278; x_wconf 90' lang='lat' dir='ltr'>senatum</span> <span class='ocrx_word' id='word_1_213' title='bbox 519 3222 629 3277; x_wconf 90' lang='lat' dir='ltr'>totum</span> <span class='ocrx_word' id='word_1_214' title='bbox 660 3213 771 3276; x_wconf 90' lang='lat' dir='ltr'>orbem</span> <span class='ocrx_word' id='word_1_215' title='bbox 804 3213 962 3277; x_wconf 89' lang='lat' dir='ltr'>ecclesiae</span> <span class='ocrx_word' id='word_1_216' title='bbox 994 3211 1229 3275; x_wconf 83' lang='lat' dir='ltr'>administrari.</span> 
     </span>
     <span class='ocr_line' id='line_1_29' title="bbox 177 3317 1230 3403; baseline -0.001 -23"><span class='ocrx_word' id='word_1_217' title='bbox 177 3317 262 3381; x_wconf 88' lang='lat' dir='ltr'>Nam</span> <span class='ocrx_word' id='word_1_218' title='bbox 279 3317 320 3382; x_wconf 89' lang='lat' dir='ltr'>de</span> <span class='ocrx_word' id='word_1_219' title='bbox 336 3319 465 3403; x_wconf 87' lang='lat' dir='ltr'>injuriis</span> <span class='ocrx_word' id='word_1_220' title='bbox 485 3325 519 3382; x_wconf 87' lang='lat' dir='ltr'>et</span> <span class='ocrx_word' id='word_1_221' title='bbox 542 3317 755 3381; x_wconf 90' lang='lat' dir='ltr'>contumeliis</span> <span class='ocrx_word' id='word_1_222' title='bbox 779 3317 1020 3401; x_wconf 88' lang='lat' dir='ltr'>episcoporum,</span> <span class='ocrx_word' id='word_1_223' title='bbox 1037 3338 1121 3400; x_wconf 91' lang='lat' dir='ltr'>quos</span> <span class='ocrx_word' id='word_1_224' title='bbox 1145 3317 1230 3379; x_wconf 92' lang='lat' dir='ltr'>filios</span> 
     </span>
     <span class='ocr_line' id='line_1_30' title="bbox 178 3409 1230 3506; baseline 0 -22"><span class='ocrx_word' id='word_1_225' title='bbox 178 3423 390 3487; x_wconf 90' lang='lat' dir='ltr'>meretricum</span> <span class='ocrx_word' id='word_1_226' title='bbox 415 3431 450 3487; x_wconf 87' lang='lat' dir='ltr'>ct</span> <span class='ocrx_word' id='word_1_227' title='bbox 476 3430 585 3486; x_wconf 91' lang='lat' dir='ltr'>cetera</span> <span class='ocrx_word' id='word_1_228' title='bbox 611 3421 647 3485; x_wconf 89' lang='lat' dir='ltr'>id</span> <span class='ocrx_word' id='word_1_229' title='bbox 674 3443 781 3506; x_wconf 84' lang='lat' dir='ltr'>genus</span> <span class='ocrx_word' id='word_1_230' title='bbox 809 3419 1041 3506; x_wconf 83' lang='lat' dir='ltr'>indignissime</span> <span class='ocrx_word' id='word_1_231' title='bbox 1056 3409 1057 3413; x_wconf 24' lang='lat'>¹</span> <span class='ocrx_word' id='word_1_232' title='bbox 1072 3420 1230 3504; x_wconf 71' lang='lat' dir='ltr'>appellas</span> 
     </span>
     <span class='ocr_line' id='line_1_31' title="bbox 178 3524 1231 3611; baseline -0.001 -22"><span class='ocrx_word' id='word_1_233' title='bbox 178 3527 273 3591; x_wconf 92' lang='lat' dir='ltr'>nulla</span> <span class='ocrx_word' id='word_1_234' title='bbox 304 3528 509 3611; x_wconf 89' lang='lat' dir='ltr'>querimonia</span> <span class='ocrx_word' id='word_1_235' title='bbox 539 3526 673 3590; x_wconf 86' lang='lat' dir='ltr'>sufficit.</span> <span class='ocrx_word' id='word_1_236' title='bbox 731 3524 820 3604; x_wconf 82' lang='lat' dir='ltr'>Quia</span> <span class='ocrx_word' id='word_1_237' title='bbox 851 3547 931 3610; x_wconf 82' lang='lat' dir='ltr'>ergo</span> <span class='ocrx_word' id='word_1_238' title='bbox 963 3526 1120 3589; x_wconf 87' lang='lat' dir='ltr'>introitus</span> <span class='ocrx_word' id='word_1_239' title='bbox 1152 3534 1231 3588; x_wconf 90' lang='lat' dir='ltr'>tuus</span> 
     </span>
     <span class='ocr_line' id='line_1_32' title="bbox 178 3629 1232 3716; baseline -0.002 -21"><span class='ocrx_word' id='word_1_240' title='bbox 178 3632 281 3695; x_wconf 87' lang='lat' dir='ltr'>tantis</span> <span class='ocrx_word' id='word_1_241' title='bbox 304 3632 458 3716; x_wconf 88' lang='lat' dir='ltr'>perjuriis</span> <span class='ocrx_word' id='word_1_242' title='bbox 482 3639 533 3695; x_wconf 89' lang='lat' dir='ltr'>est</span> <span class='ocrx_word' id='word_1_243' title='bbox 555 3631 718 3704; x_wconf 91' lang='lat' dir='ltr'>initiatus,</span> <span class='ocrx_word' id='word_1_244' title='bbox 735 3637 770 3693; x_wconf 88' lang='lat' dir='ltr'>et</span> <span class='ocrx_word' id='word_1_245' title='bbox 793 3630 933 3694; x_wconf 90' lang='lat' dir='ltr'>ecclesia</span> <span class='ocrx_word' id='word_1_246' title='bbox 956 3629 1020 3694; x_wconf 88' lang='lat' dir='ltr'>Dei</span> <span class='ocrx_word' id='word_1_247' title='bbox 1045 3638 1112 3693; x_wconf 86' lang='lat' dir='ltr'>tarn</span> <span class='ocrx_word' id='word_1_248' title='bbox 1136 3630 1232 3715; x_wconf 84' lang='lat' dir='ltr'>gravi</span> 
     </span>
     <span class='ocr_line' id='line_1_33' title="bbox 179 3735 1234 3820; baseline -0.003 -20"><span class='ocrx_word' id='word_1_249' title='bbox 179 3744 377 3820; x_wconf 88' lang='lat' dir='ltr'>tempestate</span> <span class='ocrx_word' id='word_1_250' title='bbox 396 3758 455 3820; x_wconf 91' lang='lat' dir='ltr'>per</span> <span class='ocrx_word' id='word_1_251' title='bbox 477 3735 670 3799; x_wconf 88' lang='lat' dir='ltr'>abusionem</span> <span class='ocrx_word' id='word_1_252' title='bbox 694 3741 829 3798; x_wconf 90' lang='lat' dir='ltr'>tuarum</span> <span class='ocrx_word' id='word_1_253' title='bbox 853 3735 1043 3798; x_wconf 89' lang='lat' dir='ltr'>novitatum</span> <span class='ocrx_word' id='word_1_254' title='bbox 1067 3735 1234 3818; x_wconf 80' lang='lat' dir='ltr'>periclita—</span> 
     </span>
    </p>
   </div>
   <div class='ocr_carea' id='block_1_5' title="bbox 0 0 1394 4268">
    <p class='ocr_par' dir='ltr' id='par_1_5' title="bbox 0 0 1394 4268">
     <span class='ocr_line' id='line_1_34' title="bbox 0 0 1394 4268; baseline 0 0"><span class='ocrx_word' id='word_1_255' title='bbox 0 0 1394 4268; x_wconf 95' lang='lat' dir='ltr'> </span> 
     </span>
    </p>
   </div>
  </div>
 </body>
</html>
