2768 4268
404 312 478 356 1110
501 281 803 357 110111111011111011
827 309 974 356 Punico.
1158 294 1220 357 113

176 526 388 587 PREDERIOK
416 527 456 586 II.
486 526 634 586 swalna
662 525 809 586 PEALTY
836 525 906 586 Pon
934 524 1059 586 SIOILY
1091 527 1205 605 (1211).

598 665 689 725 [ra-a,
702 664 793 724 1101]

209 793 250 855 ln
267 794 401 856 nomine
419 794 483 856 Dei
499 794 606 857 eterni
623 802 657 857 et
670 792 853 856 Salvatoris
866 794 972 856 nostri
985 793 1007 855 J
1009 815 1068 855 esu
1082 792 1218 855 Christi.

163 898 284 960 Amen.
332 897 621 961 Reverendissimo
637 897 724 981 patri
740 904 775 960 et
793 896 985 960 charissimo
1009 895 1143 960 domino
1167 897 1220 958 ln·

163 1002 320 1064 nocentio
351 1001 416 1065 Dei
447 1002 555 1087 gratia
585 1009 699 1065 sancte
731 1001 877 1064 Romane
910 1000 1059 1064 Ecclesia
1090 1023 1219 1064 summo

163 1106 325 1189 pontifici,
359 1105 547 1169 Fridericus
586 1105 650 1168 Dei
687 1106 800 1191 gratia.
831 1127 891 1169 rex
923 1104 1045 1181 Sicilie,
1077 1105 1219 1170 ducatus

165 1209 289 1293 Apulie
307 1216 342 1272 et
357 1210 564 1293 principatus
582 1209 706 1294 Capue.
753 1209 846 1273 Inter
861 1211 1017 1273 universa
1033 1232 1118 1293 quae
1137 1212 1221 1296 geri·

163 1335 239 1376 mus
271 1315 305 1375 in
337 1312 510 1377 desideriis
541 1315 665 1377 nostris
696 1314 863 1398 precipue,
895 1313 956 1376 hoc
991 1314 1220 1398 principaliter

154 1415 360 1481 affectamus
392 1424 431 1480 ut
461 1416 555 1480 vobis
586 1424 621 1480 et
651 1426 858 1481 sacrosancte
891 1417 1039 1480 Romane
1071 1417 1219 1482 Ecclesie

163 1530 298 1606 gratum
314 1521 546 1604 impendamus
564 1521 761 1605 obsequium
777 1529 812 1585 et
827 1521 988 1584 devotum
1003 1521 1220 1585 exhibeamus

164 1625 334 1698 honorem,
366 1647 408 1688 ne
444 1647 594 1709 unquam
631 1625 868 1689 beneficiorum
900 1634 1097 1699 vestrorum,
1129 1625 1220 1709 quod

163 1738 296 1793 avertat
319 1730 495 1804 Dominus,
520 1730 731 1793 inveniamur
753 1730 888 1815 ingrati,
913 1736 1088 1813 cumpost
1113 1728 1220 1792 divini

166 1835 312 1897 muneris
336 1835 476 1919 gratiam
501 1856 568 1896 non
591 1835 701 1896 solum
723 1841 855 1908 terram,
875 1833 934 1897 sed
950 1835 1053 1896 vitam
1077 1856 1137 1917 per
1151 1856 1221 1897 ves·

165 1945 256 2002 trum
280 1938 506 2021 patrocinium
532 1959 591 2001 nos
619 1936 786 2001 fateamur
808 1937 939 2000 habere.
998 1937 1094 2001 Licet
1116 1937 1222 2023 igitur

164 2049 392 2106 antecessores
421 2043 524 2105 nostri
552 2043 639 2106 clare
671 2043 827 2105 memorie
855 2064 950 2128 reges
978 2041 1090 2105 Sicilie
1116 2043 1222 2126 Apos-

166 2146 266 2209 tolice
292 2144 370 2209 Sedi
394 2146 509 2209 fideles
533 2146 662 2209 1001101
689 2154 723 2210 01
750 2145 874 2222 devoti,
898 2168 957 2209 nos
986 2154 1098 2209 tamen
1125 2153 1221 2209 tanto

168 2249 333 2314 fideliores
350 2259 384 2313 01
404 2249 593 2314 devotiores
619 2251 649 2313 01
674 2250 900 2314 desideramus
925 2251 1067 2314 existere
1093 2258 1220 2333 quanto

166 2354 263 2437 plura
288 2363 322 2417 et
350 2355 478 2439 potiora
503 2354 664 2418 beneficia
691 2376 750 2418 nos
774 2354 815 2417 ab
838 2376 876 2418 ea
899 2355 1129 2439 cognoscimus
1152 2376 1222 2438 per·

165 2459 293 2542 cepisse
326 2480 362 2521 ac
391 2459 426 2519 in
452 2467 621 2542 posterum
650 2465 865 2542 percepturos
893 2480 964 2522 0000
991 2458 1221 2542 perspicimus.

168 2561 240 2623 Vos
256 2563 345 2624 enim
361 2562 455 2625 nobis
471 2570 506 2625 et
520 2561 699 2626 heredibus
718 2563 839 2625 nostris
856 2563 914 2646 qui
930 2564 965 2624 in
987 2584 1128 2648 regnum
1152 2584 1223 2625 000-

167 2666 328 2727 cesserint
355 2666 564 2729 concessistis
591 2688 734 2752 regnum
762 2665 885 2741 Sicilie,
910 2665 1071 2729 ducatum
1095 2666 1221 2750 Apulie

168 2788 206 2830 ac
234 2768 459 2851 principatum
484 2768 597 2851 Capua
621 2791 698 2832 cum
721 2771 789 2832 suis
812 2772 1024 2853 pertinentiis
1048 2772 1222 2846 universis,

170 2870 355 2954 Neapolim,
373 2870 547 2934 Salernum
565 2881 598 2935 et
615 2873 793 2936 Amalfiarn
811 2896 886 2936 cum
911 2875 1119 2958 pertinentiis
1143 2876 1222 2950 0010,

170 2973 328 3036 Marsiam
345 2983 379 3038 et
394 2976 459 3037 alia
475 2998 539 3059 que
564 2976 653 3039 ultra
678 2977 837 3041 Marsiam¹
859 2977 1017 3042 debemus
1041 2979 1160 3042 habere
1185 3001 1222 3042 ac

170 3079 298 3161 reliqua
311 3080 497 3143 tenimenta
509 3102 574 3164 que
588 3089 751 3157 tenemus,
765 3104 783 3145 a
796 3082 1083 3166 predecessoribus
1099 3085 1223 3147 nostris

169 3181 358 3246 hominibus
371 3192 484 3248 sancte
498 3185 645 3249 Romane
659 3187 807 3250 Ecclesie
819 3188 892 3271 jure
905 3186 1052 3260 detenta,
1064 3195 1098 3250 et
1109 3196 1224 3250 contra

170 3313 284 3356 omnes
314 3293 465 3357 homines
493 3293 671 3358 honorifice
700 3303 915 3358 manutenere
942 3292 1111 3378 juvabitis.
1158 3292 1224 3356 Pro

170 3396 292 3480 quibus
308 3398 462 3462 omnibus
479 3420 588 3463 coram
606 3399 799 3463 charissimo
822 3401 928 3464 amico
951 3405 1066 3461 nostro
1090 3397 1224 3461 domino

171 3499 334 3588 Gregorio
358 3501 471 3567 Sancti
497 3504 664 3570 Theodori
684 3506 865 3571 venerabili
888 3505 1028 3569 diacono
1052 3503 1223 3579 cardinali,

171 3605 366 3688 Apostolice
400 3605 495 3672 Sedis
530 3609 653 3693 legato,
685 3610 882 3675 fidelitatem
912 3611 1007 3674 vobis
1037 3611 1223 3694 vestrisque

170 3711 416 3775 successoribus
439 3721 474 3776 et
497 3713 645 3778 Ecclesia
675 3714 822 3779 Romane
852 3715 1047 3821 juravimus,
1075 3715 1164 3778 sicut
1189 3714 1225 3776 in
