2768 4268
376 319 451 367 rrm
474 318 775 368 nounxsrxurnr
799 316 944 365 rumor).
1127 299 1189 364 125

135 509 195 573 pro
212 487 329 552 Crucis
346 488 506 573 obsequio
522 495 727 571 spontancus
751 486 976 571 promittebat,
994 487 1187 550 transmisit.

137 591 292 676 Cumque
302 592 392 676 apud
401 600 555 656 sanctum
567 590 772 655 Germanum
784 590 1023 674 cumpluribus
1035 592 1191 654 Aleman-

135 697 191 760 nie
214 696 420 780 principibus
443 696 568 780 pariter
591 696 836 771 convenissent,
856 696 1037 778 imperator
1059 696 1190 779 propria

136 783 238 863 manu
254 801 388 883 juravit,
405 798 497 883 quod
515 799 593 863 inde
609 798 652 862 ad
668 798 850 873 biennium,
868 799 903 861 id
918 807 970 862 est
985 800 1020 861 in
1037 800 1189 884 passagio

135 905 272 990 augusti
298 904 451 988 proximo
478 925 568 967 nunc
594 904 765 978 transacti,
791 904 883 966 omni
910 904 1125 967 excusatione
1152 925 1189 967 ac

135 1009 297 1072 dilatione
314 1007 530 1083 cessantibus,
548 1006 788 1083 transfretaret,
807 1007 898 1070 mille
919 1007 1043 1070 milites
1066 1007 1189 1070 ibidem

137 1136 196 1199 per
210 1113 383 1178 biennium
399 1120 531 1176 teneret
546 1111 588 1174 ad
603 1133 702 1174 suum
719 1112 753 1173 in
770 1111 937 1195 obsequiis
954 1119 1041 1174 terre
1065 1120 1188 1186 sancte,

135 1228 274 1284 centum
291 1218 397 1281 millia
413 1218 588 1281 unciarum
606 1216 679 1279 auri
702 1216 737 1277 in
761 1217 911 1299 quinque
936 1216 1094 1300 passagiis
1118 1237 1191 1298 pro·

136 1325 228 1387 ximo
244 1331 326 1388 tunc
342 1321 466 1386 futuris
483 1322 563 1385 illuc
580 1320 766 1384 destinaret
781 1321 879 1384 certis
896 1319 1097 1405 assignanda
1119 1341 1190 1403 per·

134 1429 247 1503 souis;
269 1437 304 1493 et
316 1437 397 1491 tunc
410 1425 594 1490 cardinales
611 1424 753 1508 predicti
770 1423 810 1487 de
827 1424 1035 1507 imperatoris
1052 1445 1189 1487 assensu

138 1534 172 1596 in
198 1534 268 1618 ejus
294 1540 487 1617 conspectu,
512 1533 702 1617 principum
726 1554 763 1596 ac
790 1533 904 1616 populi
931 1534 1187 1608 circumstantis,

135 1639 339 1701 sententiam
355 1637 710 1701 excommunicationis
726 1636 858 1720 publice
875 1638 1074 1700 auctoritate
1095 1636 1190 1701 Sedis

135 1741 317 1824 apostolice
340 1741 555 1825 protulerunt
577 1741 611 1802 in
636 1762 738 1825 quam
761 1740 925 1805 incideret
948 1735 1137 1823 imperator,
1161 1743 1189 1805 si

138 1843 249 1907 forsan
276 1845 312 1907 in
338 1845 451 1928 aliquo
478 1844 635 1908 deficeret
660 1844 897 1928 predictorum.
955 1843 1129 1930 Obligavit
1154 1867 1188 1909 se

136 1949 274 2032 insuper
288 1949 468 2032 imperator
483 1949 525 2012 ad
541 1957 676 2014 centum
693 1949 865 2013 calendras
888 1957 923 2013 et
942 1949 1190 2035 quinquaginta

72 2068 77 2077 ·
136 2052 249 2138 galeas
266 2052 435 2117 ducendas
451 2061 485 2118 et
500 2053 661 2118 tenendas
677 2053 809 2118 biennio
824 2054 914 2117 ultra
937 2074 1037 2130 mare,
1049 2076 1086 2118 ac
1100 2054 1191 2138 quod

137 2157 274 2241 insuper
287 2157 415 2221 duobus
433 2159 579 2223 millibus
596 2157 742 2223 militum
757 2161 948 2246 passagium
964 2162 1063 2224 certis
1081 2162 1188 2224 termi-

137 2262 189 2324 nis
205 2262 393 2349 largiretur,
410 2263 444 2325 in
460 2265 605 2327 animam
620 2286 715 2328 suam
730 2266 832 2350 jurari
849 2265 974 2329 faciens
991 2287 1024 2329 se
1042 2266 1105 2329 ista
1122 2287 1187 2349 que

137 2365 344 2450 prediximus
360 2368 588 2453 impleturum,
605 2378 639 2435 et
654 2379 773 2456 sponte
790 2374 1002 2437 consentiens
1026 2374 1060 2436 in
1080 2374 1188 2458 ipsum

135 2479 172 2534 ct
195 2493 336 2556 regnum
359 2494 458 2535 suum
485 2472 564 2538 ferri
590 2477 803 2552 sententiam,
826 2478 854 2540 si
880 2477 941 2541 lrec
969 2499 1037 2540 non
1062 2477 1189 2542 fuerint

136 2574 321 2638 observata.
374 2576 529 2655 Qualiter
553 2587 666 2644 autem
690 2580 753 2644 hoc
780 2583 971 2665 impleverit
996 2582 1187 2648 advertatis.

138 2676 224 2739 Nam
240 2701 317 2741 cum
340 2680 383 2743 ad
406 2683 478 2765 ejus
501 2681 714 2767 frequentem
737 2686 931 2749 instantiam
955 2688 1061 2751 multa
1081 2708 1190 2751 cruce·

136 2782 345 2866 signatorum
369 2786 473 2848 millia
498 2809 555 2870 per
579 2791 934 2854 excommunicationis
959 2798 1127 2855 coarctata
1154 2793 1188 2855 in

138 2887 281 2948 termino
308 2886 476 2952 destinato
503 2890 545 2953 ad
572 2900 706 2975 portum
735 2892 918 2957 Brundusii
946 2904 1188 2979 properassent,

138 2990 218 3073 quia
248 2992 390 3075 gratiam
420 3015 514 3056 suam
547 2997 727 3080 imperator
755 2998 967 3063 subtraxerat
997 3000 1189 3063 civitatibus

138 3093 208 3157 fere
225 3095 379 3159 omnibus
402 3098 436 3159 in
460 3099 622 3182 portubus
646 3101 901 3177 constantiani
924 3102 1010 3167 idem
1034 3124 1053 3166 a
1076 3103 1191 3186 prede·

138 3219 266 3262 cessure
279 3208 393 3264 nostro
405 3222 442 3264 ac
456 3202 551 3266 nobis
567 3203 777 3288 frequentius
794 3206 942 3269 monitus
959 3215 998 3269 ut
1010 3206 1191 3291 diligenter

138 3312 270 3387 pararet
294 3306 405 3368 omnia
428 3315 462 3370 et
485 3305 711 3392 fideliterque
735 3309 957 3393 spoponderat
980 3309 1189 3394 adimpleret,

139 3408 209 3491 ipse
226 3411 374 3472 omnium
391 3411 628 3493 promissorum
644 3434 708 3496 que
726 3414 905 3497 apostolice
929 3412 1006 3478 Sedi
1030 3422 1064 3478 et
1083 3436 1192 3479 cruce·

137 3513 278 3596 signatis
295 3535 355 3597 per
370 3514 499 3579 litteras
522 3536 599 3579 suas
622 3514 748 3580 fecerat
772 3516 813 3580 de
836 3518 1012 3601 sponsione
1037 3519 1189 3602 passagii,

139 3619 400 3681 necessariorum
418 3626 453 3683 et
468 3621 589 3691 victus,
603 3628 638 3684 et
653 3642 711 3683 sue
728 3621 845 3684 salutis
862 3621 1043 3692 immemor,
1061 3621 1191 3685 tamdiu

139 3720 174 3781 in
190 3720 289 3783 estivi
304 3719 446 3785 fervoris
461 3722 617 3788 incendio
633 3724 668 3787 in
684 3725 817 3810 regione
835 3725 950 3789 mortis
966 3734 1001 3788 et
1016 3726 1100 3789 aeris
1124 3746 1190 3789 cor-
