2768 4268
184 332 225 396 98
405 349 536 396 SELECT
560 350 766 396 MEDIAEVAL
788 351 1017 398 DOGUMENTS.

184 517 272 582 versi
295 518 468 603 elegerint,
488 518 578 582 hunc
602 505 761 582 honorem
786 518 850 583 Dei
873 520 1031 584 ecclesiae
1056 527 1157 604 atque
1181 523 1241 584 im·

183 622 267 704 perii
286 631 320 685 et
338 621 424 685 hanc
440 629 568 705 partem
584 630 733 685 nostram
749 623 812 686 sub
827 623 942 686 eodem
964 624 1152 708 juramento
1170 632 1240 690 tue·

183 725 275 789 bitur
293 746 422 809 semper
440 733 540 809 atque
558 727 694 791 tenebit.
743 727 838 791 Idem
857 749 991 811 quoque
1010 728 1240 813 juramentum

183 829 422 913 archiepiscopi
446 850 569 905 omnes,
590 831 735 914 episcopi
759 838 860 915 atque
884 832 993 910 electi,
1016 833 1075 915 qui
1097 831 1240 897 fuerunt

184 953 323 995 numero
346 932 399 1008 40,
423 954 523 1016 super
544 942 659 998 sancta
684 934 747 998 Dei
773 935 947 1020 evangelia
970 956 1071 998 manu
1095 938 1239 1020 propria,

184 1037 418 1120 unusquisque
437 1037 500 1100 sub
520 1039 606 1100 stola
625 1060 695 1114 sua,
712 1040 954 1123 praestiterunt
976 1047 1011 1104 et
1033 1039 1165 1124 publice
1188 1041 1241 1103 fir·

181 1133 370 1204 uraverunt.
421 1140 666 1205 Nichilominus
693 1143 841 1206 universi
868 1145 1032 1227 principes
1060 1145 1239 1221 seculares,

184 1244 253 1307 dux
275 1245 404 1308 scilicet
425 1243 589 1310 Saxoniae
612 1268 649 1309 ac
674 1247 846 1322 Bavariae,
866 1247 1013 1311 marchio
1032 1247 1238 1313 Adelbertus

184 1349 302 1412 senior.
349 1347 523 1412 Conradus
545 1350 713 1433 palatinus
737 1373 847 1415 comes
871 1351 981 1415 Rheni
1002 1359 1037 1415 et
1060 1351 1239 1437 Lodoycus

184 1453 393 1537 lantgravius
413 1475 450 1517 ac
470 1454 593 1537 reliqui
613 1476 737 1530 omnes,
754 1476 854 1539 super
870 1456 1028 1539 reliquias
1044 1464 1238 1520 sanctoruni

183 1556 220 1619 id
242 1556 352 1641 ipsum
374 1556 580 1641 juraverunt.
606 1559 778 1642 Repente
802 1567 915 1623 autem
937 1558 1078 1644 Spiritus
1102 1568 1239 1624 sanctus

184 1668 313 1724 mentes
330 1662 480 1723 omnium
496 1661 577 1726 adeo
594 1661 676 1726 fecit
692 1664 791 1726 unius
809 1664 1002 1739 voluntatis,
1019 1663 1112 1747 quod
1127 1665 1238 1741 electi,

185 1765 244 1848 qui
274 1773 463 1848 praesentes
490 1765 641 1842 aderant,
668 1769 775 1852 primo
806 1768 1000 1852 Raynaldus
1028 1767 1240 1832 Coloniensis

184 1870 310 1933 electus
335 1877 369 1933 et
389 1869 520 1933 Ytaliae
542 1871 864 1946 archicancellarius,
884 1871 1005 1935 deinde
1029 1873 1154 1947 cuncti,
1174 1894 1240 1935 om-

184 1995 243 2037 nes
267 1974 303 2036 in
327 1974 488 2038 sabbatho
513 1982 658 2058 quatuor
683 1984 871 2060 temporum
896 1983 930 2039 et
956 1975 1090 2039 laudem
1114 1976 1179 2040 Dei
1204 1986 1241 2040 et

183 2078 344 2142 honorem
359 2079 489 2162 imperii
504 2100 612 2142 sacros
629 2079 760 2142 ordines
778 2079 989 2143 devotissime
1006 2087 1237 2163 susceperunt.

185 2182 343 2245 Firmiter
363 2204 497 2266 quoquc
521 2204 540 2245 a
563 2183 655 2247 nobis
677 2193 711 2247 et
733 2184 774 2247 ab
797 2185 962 2248 universis
984 2184 1155 2248 decretum
1176 2191 1239 2260 est,

186 2293 234 2362 ut,
251 2287 445 2370 quicunque
461 2295 644 2371 supersunt
659 2287 843 2363 ordinandi,
860 2289 894 2350 in
911 2289 1072 2372 proximis
1092 2295 1241 2372 quatuor

185 2391 390 2475 temporibus
421 2392 576 2455 similiter
602 2399 850 2475 exsequantur3
881 2393 1031 2476 alioquin
1061 2392 1239 2478 dignitatis

159 2558 166 2572 ,
185 2495 319 2571 honore,
338 2497 427 2559 omni
443 2504 570 2560 remota
586 2496 755 2572 dilatione,
771 2497 956 2579 priventur.
1004 2495 1061 2558 Ad
1077 2497 1138 2560 hoc
1159 2497 1241 2559 hon-

147 2597 149 2601 ’
187 2600 327 2664 orabiles
350 2601 454 2686 legati
477 2601 617 2664 illustris
640 2601 737 2664 amici
761 2601 866 2663 nostri
891 2599 1084 2683 H(einrioi)
1102 2601 1239 2686 gloriosi

186 2705 376 2791 Anglorum
393 2705 490 2792 regis
507 2704 550 2768 ad
566 2727 625 2768 nos
642 2705 770 2788 abipso
786 2705 981 2780 transmissi,
994 2706 1030 2767 in
1047 2705 1151 2768 totius
1167 2726 1243 2768 nos·

186 2817 255 2874 trae
273 2811 383 2874 curiae
400 2811 585 2894 praesentia
601 2831 699 2894 super
715 2817 906 2873 sanctorum
918 2809 1077 2892 reliquias
1090 2831 1132 2872 ex
1144 2817 1240 2892 parte

187 2915 273 3001 regis
298 2915 442 3000 Angliae
468 2915 562 2978 nobis
585 2915 782 2999 juraverunt
805 2914 948 2997 publice,
972 2912 1064 2997 quod
1086 2935 1145 2976 rex
1169 2913 1240 2997 ipse

186 3041 262 3084 oum
279 3026 351 3083 toto
367 3041 428 3083 suo
446 3041 548 3105 regno
564 3020 600 3081 in
616 3027 709 3103 parte
726 3026 840 3082 nostra
857 3017 1002 3081 fideliter
1012 3017 1124 3092 stabit,
1138 3017 1243 3079 domi·

186 3146 266 3187 num
293 3145 414 3209 papam
445 3124 627 3200 Pascalem‚
655 3145 756 3208 quem
786 3144 846 3186 nos
877 3130 1039 3197 tenemus,
1067 3121 1241 3184 nobiscum

185 3228 323 3304 tenebit,
348 3228 389 3293 de
417 3228 570 3292 Rolando
593 3236 706 3292 autem
730 3226 979 3290 manutenendo
1003 3247 1037 3289 se
1063 3224 1103 3288 de
1128 3232 1242 3288 cetero

186 3353 253 3395 non
270 3333 483 3396 intromittet.

229 3435 298 3500 Nos
316 3459 404 3510 vero,
418 3438 452 3499 in
469 3445 528 3501 tua
546 3437 723 3501 dilectione
741 3443 775 3499 et
790 3435 952 3499 fidelitate
969 3435 1148 3518 plurimam
1159 3431 1244 3495 fidu·

186 3540 270 3603 ciam
286 3540 455 3615 habentes,
473 3541 678 3616 mandamus
696 3541 860 3603 attentius
877 3545 1049 3602 monentes
1073 3545 1108 3601 et
1130 3542 1243 3621 postu·

184 3645 303 3718 lantes
321 3652 497 3728 quatenus
515 3646 706 3708 convocatis
723 3645 758 3706 in
775 3665 882 3707 unum
906 3642 1058 3706 omnibus
1082 3640 1243 3705 ecclesiae

185 3746 349 3822 fidelibus,
366 3748 455 3811 clero
479 3747 647 3823 videlicet,
672 3748 875 3812 beneficiatis
899 3754 934 3810 et
957 3744 1244 3820 ministerialibus,
