2768 4268
163 320 226 384 124
382 339 513 386 sepnor
535 339 741 385 uuorruvxn
763 339 993 388 oocuuuxrs.

162 506 205 569 ad
235 506 295 571 hec
324 515 473 591 tempora
500 509 634 593 negotia
664 509 797 592 propria
823 509 955 592 plenius
983 515 1017 572 et
1043 507 1215 593 perfectus

163 613 417 674 consummavit.
458 611 610 675 Tandem
626 634 702 675 cum
719 611 759 675 de
777 611 929 676 manibus
945 610 1052 676 felicis
1068 612 1218 676 recorda·

163 717 263 778 tionis
282 715 423 777 Honorii
439 737 534 799 pape,
550 715 792 799 predecessoris
815 717 932 792 nostri,
951 717 987 778 in
1009 716 1098 780 beati
1122 717 1216 781 Petri
1241 716 1246 726 '

162 820 298 884 basilica
320 820 500 903 recepisset
521 821 651 903 imperii
675 819 839 896 diadema,
855 820 896 885 de
913 820 1065 885 manibus
1081 823 1216 898 nostris,

163 933 243 988 tune
276 926 310 986 in
341 925 461 986 minori
491 923 599 987 officio
630 926 835 1001 constitutis,
863 946 996 989 crucem
1023 928 1216 1010 resumpsit,

163 1038 281 1092 votum
298 1028 429 1112 publice
450 1029 635 1104 innovavit,
652 1029 765 1112 plures
789 1029 830 1094 de
854 1052 911 1114 spe
935 1031 987 1094 sui
1010 1030 1149 1094 subsidii
1172 1031 1217 1095 ad

163 1156 296 1197 crucem
311 1132 557 1216 suscipiendam
573 1133 719 1214 induxit,
737 1141 865 1198 eertum
885 1136 1013 1218 recepit
1034 1136 1217 1199 terminum

164 1236 414 1300 transfretandi.
447 1236 572 1299 Habito
586 1259 721 1321 quoque
738 1238 952 1321 postmodum
968 1239 1059 1323 apud
1071 1239 1218 1304 Verulas

164 1364 240 1405 cum
266 1341 413 1405 Ecclesia
444 1342 593 1405 Romana
616 1342 794 1426 colloquio,
818 1343 943 1426 juravit
965 1343 1097 1426 publice
1120 1366 1154 1408 se
1180 1345 1216 1407 in

164 1454 255 1510 certo
282 1448 424 1510 termino
451 1467 469 1507 a
498 1445 648 1509 Romana
673 1445 735 1509 sibi
760 1448 899 1510 ecclesia
926 1447 1119 1533 prefigendo
1147 1456 1219 1512 tan-

164 1572 265 1634 quam
302 1552 537 1634 imperatorem
570 1550 750 1613 honorifice
781 1550 1021 1635 profecturum.
1082 1552 1216 1617 Exinde

164 1654 253 1738 apud
284 1654 512 1729 Ferentinum,
540 1655 575 1716 in
606 1655 775 1738 colloquio
805 1656 918 1731 simili,
944 1656 1087 1719 duorum
1118 1678 1220 1721 anno-

164 1781 237 1821 rum
254 1758 489 1823 transfretandi
510 1758 572 1822 sibi
588 1759 692 1844 elegit
708 1760 889 1822 terminum
905 1768 939 1824 et
954 1760 1097 1845 prefixit,
1113 1782 1218 1844 seque

164 1871 244 1927 tunc
262 1865 481 1927 transiturum
497 1871 532 1926 et
547 1862 691 1926 nobilem
708 1865 882 1928 mulierem
898 1872 1010 1927 natam
1033 1864 1218 1928 charissimi

164 1969 197 2029 iu
212 1967 346 2031 Christo
359 1968 418 2030 lilii
434 1968 539 2030 nostri
556 1967 575 2029 J
579 1968 695 2031 oannis
711 1969 798 2052 regis
816 1967 1114 2054 Hierosolymitani
1127 1970 1220 2033 illus-

164 2073 234 2146 tris,
246 2073 349 2156 ipsius
362 2073 455 2156 regni
468 2070 634 2146 heredem,
646 2073 681 2133 in
692 2073 866 2157 conjugem
878 2081 1091 2157 recepturum
1102 2073 1221 2137 solem-

165 2177 251 2240 niter
263 2177 403 2259 prestito
419 2177 606 2259 juramento
618 2175 818 2259 spopondit3
842 2175 1038 2261 adjungens,
1053 2177 1143 2261 quod
1159 2200 1220 2261 per

164 2280 227 2343 hoc
251 2280 294 2343 ad
317 2278 513 2362 obsequium
531 2286 617 2343 terre
634 2287 758 2356 sancte,
775 2301 843 2343 non
859 2289 899 2343 ut
914 2281 1017 2344 ceteri
1040 2283 1218 2367 peregrini,

164 2384 223 2448 sed
247 2392 285 2447 ut
309 2383 555 2466 Hospitalarius
579 2384 633 2447 vel
658 2384 878 2468 Templarius‚
901 2406 936 2448 se
960 2385 1219 2469 inperpetuum

165 2488 343 2574 obligabat.
399 2487 704 2571 Appropinquantc
732 2489 846 2572 itaque
874 2489 1017 2553 termino
1043 2489 1219 2573 prelibato,

165 2594 255 2676 cepit
273 2593 476 2675 multiplices
500 2593 733 2656 excusationes
756 2592 956 2676 pretendere
978 2616 1013 2658 se
1037 2594 1079 2657 ad
1102 2596 1221 2659 transi-

165 2704 238 2759 tum
261 2718 409 2760 asserens
433 2697 643 2779 imparatum,
661 2705 696 2760 et
711 2704 750 2760 ut
766 2696 876 2760 denuo
893 2697 1036 2761 duorum
1054 2720 1220 2762 annorum

164 2801 226 2864 sibi
257 2801 394 2863 daretur
418 2801 591 2875 terminus,
615 2800 755 2886 grandia
786 2801 908 2865 obtulit
939 2802 1099 2887 obsequia
1130 2811 1219 2867 terre

165 2915 279 2969 sancte
312 2927 388 2968 cum
419 2903 677 2989 obligationibus
708 2906 788 2968 satis
820 2907 959 2992 magnis.
1021 2908 1221 2992 Apostolica

166 3032 244 3074 vero
270 3009 371 3073 Sedes
396 3031 438 3072 ne
464 3009 566 3072 tantis
592 3008 757 3072 laboribus
783 3009 966 3074 exsufflatis
991 3018 1026 3075 et
1052 3013 1221 3076 inutiliter

164 3114 212 3181 sic
229 3115 398 3177 exhaustis
415 3121 526 3176 totum
542 3113 782 3177 dissolveretur
798 3116 981 3199 negotium,
999 3115 1090 3199 quod
1106 3115 1221 3180 hume-

166 3220 209 3281 ris
227 3219 326 3303 hujus
343 3219 502 3301 principis
519 3225 595 3302 post
608 3217 792 3281 Romanam
806 3218 990 3282 Ecclesiam
1001 3221 1220 3305 principalius

167 3322 388 3397 incumbebat,
402 3322 515 3385 habito
532 3323 680 3406 plurium
693 3324 924 3407 episcoporum
939 3332 974 3388 et
989 3325 1132 3388 aliorum
1147 3348 1219 3411 pro-

166 3426 284 3489 borum
300 3428 449 3490 virorum
465 3427 614 3502 consilio,
632 3426 672 3490 de
690 3428 964 3512 contingentibus
979 3430 1027 3491 nil
1047 3431 1219 3507 omittenS,

166 3530 389 3594 venerabilem
412 3529 550 3593 fratrem
573 3538 724 3594 nostrum
749 3530 966 3617 P(elagium)
992 3533 1219 3598 Albanensem

167 3636 368 3720 episcopum,
397 3643 431 3698 et
458 3634 542 3698 bone
567 3637 722 3699 memorie
749 3635 790 3698 G.
817 3637 910 3699 tituli
938 3635 1052 3701 Sancti
1079 3637 1219 3701 Martini

166 3739 397 3824 presbyterum
414 3738 616 3802 cardinalem
637 3739 679 3802 ad
703 3739 865 3803 firmanda
889 3762 927 3804 ea
952 3763 1016 3825 que
1039 3743 1221 3826 imperator
