2768 4268
412 312 486 359 rau
511 314 810 374 uouuusrnurnn
833 316 980 363 rnsron.
1163 301 1228 367 153

166 482 253 559 lone,
276 487 455 567 postquam
476 482 567 546 idem
592 481 758 547 Soldanus
783 485 885 549 Terre
913 483 1034 549 Sancte
1059 507 1097 549 ac
1126 487 1230 552 chris·

167 587 267 650 tianis
283 585 578 672 habitoribusejus
595 608 704 669 perse
721 595 756 651 et
771 610 848 652 suos
865 589 1008 673 dampna
1029 591 1228 675 gravissima

166 697 203 754 et
232 690 494 755 inextimabiles-
511 691 651 775 injurias
682 693 855 778 irrogarat,
883 692 966 756 fecit
996 715 1055 777 per
1082 716 1224 780 regnum

168 793 280 860 Sicilie
302 816 379 859 cum
398 794 553 858 laudibus
577 795 619 860 ad
642 796 792 881 ejusdem
816 795 954 860 Soldani
978 798 1226 876 excellentiam,

166 900 256 963 sicut
277 898 396 974 fertur,
419 898 599 964 honorifice
622 902 746 985 suscipi
774 908 808 964 et
835 901 1008 987 magnifice
1041 903 1223 985 procurari.

168 1003 325 1066 Aliorum
337 1024 472 1087 quoque
488 1003 677 1068 infidelium
689 1007 882 1088 perniciosis
896 1016 930 1069 et
942 1005 1117 1070 horrendis
1134 1006 1225 1070 obse-

168 1108 255 1191 quiis
279 1115 397 1170 contra
420 1107 535 1172 fideles
558 1108 699 1173 abutens
723 1117 758 1173 et
784 1110 851 1173 illis
879 1111 938 1194 qui
967 1109 1227 1194 dampnabiliter

167 1210 412 1295 vilipendentes
441 1212 672 1296 Apostolicam
700 1213 820 1277 Sedem
845 1214 887 1277 ab
913 1215 1042 1277 unitate
1072 1214 1222 1278 Ecclesie

168 1314 402 1391 discesserunt,
428 1339 608 1400 procurans
632 1316 793 1381 affinitate
821 1340 858 1381 ac
885 1319 1034 1381 amicicia
1062 1318 1225 1402 copulari,

167 1420 253 1484 clare
265 1421 420 1484 memorie
433 1420 554 1484 ducem
567 1421 708 1485 Bavarie
720 1423 898 1506 specialem
911 1422 1060 1486 Ecclesie
1075 1422 1224 1486 Romane

168 1523 329 1588 devotum
352 1524 442 1598 fecit,
458 1526 547 1588 sicut
569 1547 629 1608 pro
652 1535 744 1589 certo
767 1527 936 1601 asseritur,
953 1526 1132 1589 christiana
1152 1527 1224 1589 reli·
1262 1508 1268 1514 ’

167 1629 266 1714 gione
283 1626 448 1711 despecta,
465 1650 525 1712 per
540 1628 734 1692 Assassinos
750 1629 867 1703 occidi,
885 1638 919 1693 et
935 1630 1078 1693 Vatacio
1101 1629 1164 1692 Dei
1188 1637 1225 1694 et

168 1731 316 1795 Ecclesie
333 1732 468 1795 inimico
487 1754 506 1794 a
522 1734 754 1797 communione
779 1733 930 1797 fidelium
954 1756 1014 1818 per
1035 1755 1225 1797 excommu-

168 1837 345 1900 nicationis
361 1837 568 1900 sentenciam
584 1859 661 1900 cum
680 1837 888 1922 adjutoribus
905 1846 939 1902 et
955 1836 1224 1901 consiliatoribus

167 1951 203 2004 et
229 1939 435 2004 fauctoribus
462 1942 531 2004 suis
556 1942 788 2024 sollempniter
813 1950 975 2025 separatu,
999 1941 1100 2004 filiam
1128 1963 1223 2004 suam

168 2044 308 2108 tradidit
319 2045 354 2107 in
366 2065 515 2108 uxorem.
563 2043 814 2108 Catholicorum
826 2067 904 2108 vero
921 2047 1110 2130 principum
1126 2054 1225 2110 actus

168 2156 203 2212 et
218 2170 325 2212 mores
342 2170 511 2232 respuens,
528 2149 682 2234 neglecta
697 2149 815 2212 salutis
838 2171 897 2213 sue
921 2158 955 2213 et
978 2149 1065 2214 lanne
1089 2151 1226 2235 integri-

168 2260 249 2328 tate,
262 2254 396 2336 pietatis
409 2253 563 2336 operibus
580 2275 647 2316 non
664 2253 821 2317 intendit.
869 2253 1029 2332 Quinimo
1042 2261 1081 2317 ut
1097 2253 1137 2318 de
1153 2255 1225 2318 suis

169 2356 304 2420 nefariis
326 2356 602 2421 dissolutionibus
625 2358 793 2432 sileamus,
810 2380 886 2421 cuin
910 2356 1067 2421 didicerit
1090 2366 1222 2421 tantum

169 2462 365 2545 opprimere,
382 2483 448 2524 non
469 2470 564 2525 curat
586 2484 759 2546 oppressos
783 2461 1041 2525 misericorditer
1063 2462 1224 2536 relevare,
1280 2445 1290 2454 ’

169 2586 271 2627 manu
284 2567 355 2647 ejus
370 2573 407 2627 ut
423 2564 520 2628 (lecet
535 2566 716 2649 principem
734 2566 952 2629 christianum
968 2565 1010 2628 ad
1027 2566 1224 2629 elemosinas

169 2689 236 2730 non
260 2676 407 2741 extenta,
424 2690 500 2730 eum
522 2668 741 2732 destructioni
765 2671 979 2732 ecclesiarum
1004 2670 1166 2732 institerit
1189 2676 1224 2732 et

170 2773 341 2853 religiosas
358 2791 395 2832 ao
416 2772 497 2833 iilius
521 2772 762 2835 ecclesiasticas
785 2774 911 2857 jugiter
933 2774 1104 2836 attriverit
1126 2771 1225 2836 alme-

170 2877 260 2939 tionc
277 2884 311 2938 et
327 2875 557 2957 persecutione
575 2897 749 2956 per·sonas;
774 2898 834 2939 nec
852 2877 1008 2939 eeclesias
1030 2898 1091 2940 nec
1114 2897 1227 2939 mona·

169 2980 359 3048 simiasira
383 2977 448 3039 alia
472 2978 525 3059 pia
549 2978 622 3039 loea
646 2979 796 3042 cernitur
819 2981 1056 3043 construxisse.
1103 2979 1223 3043 Nonne

171 3083 275 3167 igitur
299 3080 358 3142 liec
387 3101 454 3141 non
478 3081 574 3154 levia,
598 3080 659 3144 sed
681 3082 826 3145 ellicaoia
848 3092 929 3146 sunt
956 3094 1154 3167 argumenta
1181 3083 1224 3147 de

170 3186 358 3270 strspieionc
376 3183 500 3247 licrcsis
520 3194 636 3248 contra
659 3208 746 3259 eum,
763 3208 839 3249 cunr
864 3195 974 3249 tamen
1000 3187 1223 3250 hereticorum

171 3288 332 3352 vocabulo
350 3287 423 3349 illos
439 3288 492 3371 jus
509 3288 607 3351 civile
624 3291 787 3353 contineri
805 3301 929 3354 asserat
952 3299 987 3354 et
1010 3291 1087 3353 latis
1111 3290 1225 3354 alluer-

170 3417 226 3457 sus
243 3415 298 3457 eos
314 3392 494 3455 sentenciis
511 3391 630 3456 debere
646 3393 863 3458 subcumbere
881 3397 939 3478 qui
960 3396 1013 3459 vel
1038 3396 1104 3458 levi
1129 3416 1224 3479 argu·

171 3507 284 3561 mento
308 3518 327 3558 a
351 3495 475 3579 jndicio
499 3496 662 3561 catholice
688 3499 857 3581 religionis
882 3508 916 3561 et
942 3501 1074 3562 tramite
1100 3498 1223 3562 detecti

171 3601 298 3665 fuerint
323 3600 467 3663 (leviore.
524 3599 641 3663 l'rcter
664 3600 726 3663 lroc
750 3624 890 3686 regnum
916 3601 1028 3667 Sicilie
1055 3602 1146 3687 quod
1173 3609 1225 3666 est

170 3706 314 3790 speciale
339 3705 576 3789 patrimonium
599 3704 687 3770 beati
712 3705 814 3779 Petri,
839 3715 874 3770 ct
896 3706 982 3771 idern
1006 3709 1159 3791 princeps
1184 3707 1227 3768 ab
