2768 4268
166 291 230 355 102
386 307 518 355 smuor
542 307 747 354 66666161.
769 307 997 354 6666116616.

209 473 261 538 14.
295 474 383 540 Gero
408 482 521 540 autem
549 496 638 539 nunc
670 474 782 539 dictus
807 475 1070 539 Alberstatensis
1093 476 1219 560 precise

166 579 352 663 deponetur
376 588 410 643 et
435 578 570 643 Ulricus
595 600 696 643 verus
721 578 983 642 Alberstatensis
1011 581 1219 643 restituetur.

166 683 398 746 Alienationes
421 704 440 745 a
465 681 597 746 Gerone
621 682 711 746 facte
733 689 769 747 et
789 682 946 747 benefitia
969 682 1048 745 data
1066 683 1222 747 similiter

165 796 200 851 et
216 787 257 851 ab
273 786 425 850 omnibus
441 787 579 850 intrusis
596 787 796 850 auctoritate
810 786 936 850 domini
947 809 1031 873 pape
1047 796 1081 852 et
1094 787 1221 850 domini

165 892 373 974 imperatoris
390 890 610 954 cassabuntur
626 897 660 953 et
676 891 744 953 suis
762 891 911 954 ecclesiis
928 892 1161 956 restituentur.

210 993 261 1057 15.
293 994 345 1058 De
370 995 534 1058 electione
563 993 873 1080 Brandeburgensis
900 996 1056 1079 episcopi,
1088 995 1156 1079 qui
1178 995 1222 1058 ad

166 1098 382 1162 Bremcnsem
404 1098 725 1181 archiepiscopatum
749 1099 875 1162 clectus
899 1108 979 1175 erat,
1000 1106 1222 1185 cognoscetur

166 1211 209 1279 et,
233 1203 261 1266 si
280 1203 478 1265 canonicum
499 1201 612 1278 fuerit,
634 1201 677 1265 ad
695 1202 835 1267 eandem
856 1203 1031 1267 ecclesiam
1047 1203 1222 1268 transfere·

166 1313 232 1369 tur.
279 1307 324 1370 Et
350 1328 581 1390 quaecumque
607 1327 626 1368 a
655 1306 880 1383 Baldeuuino,
909 1308 967 1391 qui
995 1329 1086 1370 nunc
1111 1315 1222 1391 preest

166 1404 340 1473 Bremcnsi
363 1410 510 1483 ecclesie,
528 1410 671 1473 alienata
693 1412 748 1475 vel
772 1411 1004 1476 inbeneficiata
1027 1418 1117 1487 sunt,
1132 1412 1221 1474 sicut
1275 1467 1278 1472 ,

166 1513 363 1578 canonicum
380 1523 415 1579 61
429 1499 556 1599 justum
573 1514 677 1577 fuerit
693 1514 802 1579 eidem
818 1516 956 1580 ecclesie
974 1517 1204 1579 restituentur.

209 1617 261 1681 16.
293 1618 461 1702 Itemque
479 1617 724 1705 Salsiburgensi
742 1620 880 1683 ecclesie
894 1627 1043 1703 tempore
1056 1620 1220 1684 scismatis

164 1722 336 1786 subtracta
352 1730 441 1798 sunt,
458 1724 489 1787 ci
505 1724 651 1807 plenerie
670 1725 902 1788 restituentur.

210 1825 262 1891 17.
294 1826 454 1890 Universi
470 1829 582 1891 clerici
599 1828 755 1911 quisunt
774 1827 815 1891 de
832 1827 947 1891 Ytalia
963 1829 1017 1892 vel
1041 1829 1115 1892 aliis
1138 1831 1222 1915 regi-

165 1931 295 2006 onibus,
320 1932 380 2014 qui
406 1939 487 1996 sunt
514 1941 609 1995 extra
636 1932 880 1996 Theotonicum
907 1954 1060 2018 regnum,
1086 1933 1222 2017 disposi-

165 2036 251 2098 tioni
263 2043 298 2099 et
309 2034 431 2120 juditio
444 2035 571 2098 domini
583 2057 666 2120 pape
681 2035 909 2119 A(lexandri)
924 2058 1219 2121 successorumque

166 2139 238 2222 ejus
255 2139 500 2223 relinquentur.
547 2139 583 2202 Si
600 2161 678 2203 vero
695 2139 832 2203 domino
849 2141 1041 2225 imperatori
1056 2142 1222 2225 placuerit

166 2264 280 2328 rogare
298 2264 356 2327 pro
373 2242 543 2307 ordinibus
564 2243 754 2326 aliquorum
780 2266 863 2327 quos
888 2245 1047 2308 canonice
1071 2267 1222 2328 percepe-

166 2355 255 2423 runt,
272 2368 378 2431 usque
395 2346 438 2409 ad
454 2347 488 2410 X
501 2348 555 2411 vel
568 2347 649 2423 Xll,
663 2348 690 2410 si
704 2349 828 2412 instare
843 2349 997 2424 voluerit,
1012 2348 1220 2412 exaudietur.

210 2450 261 2514 18.
294 2451 554 2535 G(arsidonius)
572 2460 685 2515 autem
702 2452 909 2516 Mantuanus
926 2453 969 2515 ad
992 2453 1220 2537 episcopatum

166 2556 337 2640 quondam
361 2578 456 2620 suam
480 2559 687 2632 restituetur,
716 2558 763 2621 ita
796 2565 919 2633 tamen,
949 2556 1040 2640 quod
1066 2557 1134 2631 ille,
1162 2558 1220 2641 qui

165 2682 256 2723 nunc
273 2668 324 2725 est
340 2659 558 2736 Mantuanus
576 2663 775 2725 auctoritate
794 2661 920 2724 domini
937 2683 1020 2746 pape
1037 2670 1072 2725 61
1094 2661 1221 2724 auxilio

167 2764 294 2828 domini
310 2767 518 2850 imperatoris
538 2767 578 2830 ad
605 2767 844 2831 Tridentinum
868 2768 1096 2850 episcopatum
1119 2773 1222 2829 trans·

165 2869 302 2945 feretur,
316 2873 379 2934 nisi
395 2872 480 2936 16116
497 2873 585 2936 16161
601 2872 772 2936 (161616616
792 2893 910 2956 papam
926 2879 960 2934 et
976 2870 1148 2933 dominum
1164 2870 1222 2931 im-

165 2984 351 3059 peratorem
362 2979 568 3053 convenerit,
579 2978 659 3039 utin
673 2977 738 3040 alio
750 2977 780 3040 ei
791 2977 984 3060 episcopatu
995 2973 1219 3058 provideatur.

210 3079 261 3141 19.
295 3081 563 3168 Archipresbiter
578 3103 657 3144 vero
675 3080 715 3143 de
734 3079 835 3143 Sacco
853 3080 887 3141 16
906 3077 1221 3162 archipresbiteratu

167 3183 337 3266 quondam
367 3206 427 3248 suo
458 3194 492 3249 61
522 3187 557 3247 16
589 3186 663 3247 aliis
694 3184 868 3255 benefitiis,
897 3204 962 3266 que
994 3190 1071 3245 ante
1103 3182 1222 3245 scisma

165 3287 293 3362 habuit,
310 3310 387 3351 cum
404 3290 494 3351 omni
510 3288 714 3372 plenitudini
731 3288 941 3351 restituetur.

211 3391 262 3454 20.
295 3391 452 3455 Universi
474 3393 575 3456 etiam
592 3392 736 3455 ordinati
753 3412 771 3453 a
790 3390 959 3473 quondam
976 3389 1149 3453 catholicis
1166 3388 1221 3452 vel

166 3495 208 3558 ab
223 3495 384 3559 ordinatis
401 3517 515 3559 eorum
530 3497 565 3557 in
584 3495 795 3558 Thentonico
811 3516 915 3579 regno
940 3495 1164 3558 restituentur
1185 3492 1221 3554 in

167 3599 336 3662 ordinibus
352 3600 465 3662 taliter
480 3599 644 3683 perceptis
661 3620 722 3662 nec
740 3599 914 3662 occasione
931 3597 1032 3681 hujus
1055 3596 1221 3660 scismatis

166 3702 406 3786 gravabuntur.
