2768 4268
170 318 213 380 42
389 335 521 382 SELECT
547 332 753 380 MEDIAEVAL
779 331 1007 379 DOCUMENTS.

171 511 236 579 tur,
261 511 296 566 et
318 503 422 566 vitam
446 503 799 584 conversationemque
827 507 920 562 tuam
948 506 1017 562 tam
1044 499 1225 583 multiplici

170 606 307 670 infamia
319 606 556 681 dehonestasti,
571 604 804 679 obedientiam,
819 625 920 687 quam
933 604 1061 666 nullam
1077 603 1138 666 tibi
1155 626 1227 687 pro-

170 711 331 786 misimus
356 733 417 774 nec
441 710 481 774 de
506 717 636 773 caetero
661 710 765 772 ullam
788 700 978 771 servaturos
1002 729 1082 782 esse,
1107 729 1227 770 renun-

171 817 303 890 tiamus,
320 823 354 879 et
370 816 449 898 quia
466 836 562 878 nemo
579 821 742 888 nostrum,
758 821 798 875 ut
810 819 849 875 tu
861 811 993 894 publice
1007 811 1224 887 declamabas

170 919 231 983 tibi
254 920 417 983 hactenus
442 918 509 982 fuit
532 919 715 1002 episcopus
740 923 778 979 tu
802 937 937 1000 quoque
962 916 1047 978 nulli
1074 923 1248 979 nostrum

170 1023 289 1088 amodo
306 1024 370 1087 eris
387 1023 601 1107 apostolicus.

294 1317 337 1400 b)
363 1315 633 1402 Accompanyinp
655 1314 768 1379 Letter
781 1315 875 1397 from
898 1313 1014 1398 Heary
1037 1312 1101 1378 IV.

546 1497 854 1558 mammam

216 1653 397 1718 Heinricus
421 1674 489 1716 non
513 1653 740 1737 usurpatione,
764 1651 824 1715 sed
846 1652 901 1735 pia
925 1651 989 1715 Dei
1017 1651 1224 1716 ordinatione

171 1780 241 1833 rex,
256 1756 487 1821 Hildebrando
502 1757 568 1841 jam
586 1779 653 1819 non
670 1757 864 1840 apostolico,
878 1755 938 1820 sed
954 1755 1039 1819 falso
1053 1756 1225 1820 monacho.

173 1862 269 1925 Hanc
294 1862 395 1925 talem
418 1883 478 1944 pro
503 1859 701 1924 confusione
726 1868 785 1923 tua
808 1860 1044 1923 salutationem
1060 1882 1227 1944 promeru-

172 1967 238 2040 isti,
262 1966 320 2049 qui
346 1965 479 2028 nullum
504 1966 538 2027 iu
565 1965 706 2029 ecclesia
731 1963 881 2027 ordinem
906 1965 1102 2048 praeteristi,
1125 1986 1226 2047 quem

172 2069 376 2134 confusionis
393 2090 460 2132 non
476 2069 621 2145 honoriS,
636 2068 879 2132 maledictionis
892 2089 959 2131 non
972 2067 1225 2143 benedictionis,

172 2174 369 2258 participem
394 2194 461 2236 non
487 2171 615 2237 feceris.
662 2171 712 2236 Ut
741 2173 830 2237 enim
855 2171 896 2237 de
922 2172 1037 2234 multis
1062 2193 1168 2256 pauca
1193 2180 1227 2235 et

172 2278 307 2363 egregia
331 2278 519 2361 loquamur,
545 2284 690 2341 rectores
715 2285 847 2341 sanctae
873 2277 1042 2351 ecclesiae,
1068 2276 1227 2341 videlicet

173 2381 446 2465 archiepiscopos
478 2382 658 2465 episcopos,
689 2381 898 2466 presbiteros,
929 2401 996 2443 non
1027 2381 1125 2444 modo
1158 2403 1225 2444 non

173 2495 321 2572 tangere,
339 2487 428 2549 sicut
443 2485 583 2549 christos
607 2486 755 2562 Domini,
772 2507 840 2547 non
862 2485 1016 2560 timuisti,
1033 2487 1115 2569 quin
1138 2487 1226 2549 sieut

172 2612 284 2654 servos
300 2591 488 2654 nescientes
505 2589 588 2672 quid
611 2589 714 2654 faciat
738 2590 893 2653 dominus
916 2612 1041 2665 eorum,
1057 2590 1120 2653 sub
1138 2590 1227 2673 pedi-

172 2694 234 2758 bus
250 2694 318 2757 tuis
334 2694 481 2757 calcasti.
517 2694 557 2756 ln
571 2715 715 2777 quorum
731 2695 983 2758 conculcatione
1000 2695 1061 2758 tibi
1077 2693 1227 2758 favorem

172 2798 280 2862 abore
294 2799 389 2884 vulgi
402 2799 600 2882 comparasti
613 2822 620 2872 ;
638 2820 721 2881 quos
735 2820 849 2863 omnes
863 2798 946 2861 nihil
959 2799 1054 2873 scire,
1068 2807 1101 2863 te
1113 2807 1227 2863 autem

172 2903 283 2966 solum
298 2903 410 2965 omnia
426 2924 521 2967 nosse
543 2902 709 2987 judicasti,
728 2905 929 2988 quantique
945 2905 1087 2968 scientia
1102 2926 1168 2966 non
1185 2904 1227 2966 ad

173 3005 452 3083 aedificationem,
477 3006 536 3070 sed
560 3007 602 3070 ad
625 3006 886 3071 destructionem
911 3009 961 3071 uti
985 3008 1164 3082 studuisti3
1188 3017 1227 3071 ut

171 3111 244 3194 jure
260 3111 322 3174 hoe
339 3110 474 3174 beatum
493 3110 704 3195 Gregorium,
719 3113 814 3196 cujus
831 3133 952 3175 nomen
969 3112 1031 3175 tibi
1047 3113 1227 3195 usurpasti,

173 3214 213 3278 de
230 3222 263 3278 te
280 3214 495 3298 prophetasse
513 3215 687 3279 credamus
704 3217 751 3279 sic
768 3215 954 3280 dicentem:
980 3216 1032 3278 Ex
1056 3215 1227 3279 affluentia

172 3318 398 3402 subjectorum
425 3320 622 3403 plerumque
650 3320 781 3382 animus
808 3320 948 3403 praelati
979 3320 1166 3393 extollitur,
1193 3329 1227 3382 et

173 3423 326 3485 aestimat
341 3444 375 3486 se
399 3423 474 3506 plus
499 3423 651 3487 omnibus
674 3445 779 3508 posse.
826 3423 872 3486 Et
896 3445 956 3487 nos
982 3422 1118 3506 quidem
1146 3422 1226 3486 haee

172 3526 283 3588 omnia
298 3527 529 3600 sustinuimus,
547 3526 628 3589 dum
648 3528 848 3611 apostolicae
871 3527 958 3591 sedis
982 3527 1140 3590 honorem
1163 3549 1228 3589 ser·

173 3651 249 3693 vare
273 3629 484 3705 studuimus3
508 3630 568 3694 sed
591 3639 629 3694 tu
653 3632 881 3696 humilitatem
905 3639 1050 3695 nostram
1071 3632 1226 3694 timorem

172 3733 242 3798 fore
259 3734 467 3810 intellexisti,
484 3734 626 3818 ideoque
651 3744 684 3799 et
707 3736 742 3797 in
765 3737 891 3821 regiam
913 3743 1116 3819 potestatem
1132 3734 1226 3798 nobis
