2768 4268
147 323 205 386 >44
382 341 514 388 sunnon
537 341 742 388 MEDIAEVAL
769 339 997 387 nocunnnrs.

163 509 227 572 Dei
243 509 350 595 gratia
366 530 424 572 rex
446 530 521 573 cum
546 510 699 573 omuibus
723 509 886 593 episcopis
909 509 1032 574 nostris
1055 508 1117 573 tibi
1140 508 1217 573 dici-

163 634 246 687 mus,
264 613 448 690 Descende,
466 612 642 688 descende,
659 635 718 697 per
732 615 867 677 saecula
883 612 1070 679 damnande
1084 613 1091 675 1

615 875 751 901 -000-—

162 1094 270 1156 PIRST
291 1093 654 1156 Exoonnnnlclrrcn
675 1095 753 1156 Anu
775 1096 996 1158 DEPOSITION
1019 1097 1062 1159 Ol*
1087 1097 1216 1159 HENRY

525 1208 574 1268 IV.
601 1209 649 1289 (22
664 1209 725 1270 Peb.
743 1211 837 1289 1076).
914 1224 915 1227 ’

483 1386 563 1447 [Jaffe‘
570 1404 574 1446 ;
592 1389 647 1434 Bib.
660 1389 717 1435 Rer.
730 1389 788 1436 Ger.
801 1391 833 1435 ΙΙ.
845 1387 907 1448 220]

207 1549 312 1614 Beate
323 1548 423 1614 Petre
435 1550 661 1632 apostolerum
674 1550 839 1634 princeps,
852 1550 986 1626 inclina,
1000 1572 1131 1634 quaese,
1145 1552 1216 1636 pias

163 1658 350 1718 aures‘tuas
366 1653 461 1717 nobis
477 1661 511 1718 00
527 1653 606 1717 audi
629 1676 681 1718 me
704 1676 838 1718 servum
860 1662 966 1729 tuum,
984 1677 1084 1738 quem
1107 1655 1148 1719 ab
1171 1657 1217 1717 iu-

162 1758 270 1822 fantia
290 1758 428 1822 nutristi
444 1765 479 1822 et
495 1779 601 1842 usque
618 1758 661 1822 ad
676 1758 761 1822 hanc
785 1758 872 1822 diem
897 1759 936 1822 de
961 1781 1064 1822 manu
1087 1761 1217 1844 iniquu-

163 1885 237 1925 rum
254 1862 412 1936 liberasti,
425 1863 483 1945 qui
496 1885 547 1926 me
561 1885 620 1947 pre
633 1871 692 1926 tua
704 1863 866 1927 fidelitate
883 1863 1027 1927 ederunt
1039 1872 1073 1927 et
1086 1864 1216 1927 odiunt.

86 2020 98 2034 .
165 1967 219 2029 Tu
242 1967 325 2029 mihi
350 1967 445 2030 testis
470 1988 504 2030 es
526 1974 560 2031 00
582 1966 716 2031 domina
738 1989 811 2030 mea
830 1976 937 2031 mater
957 1968 1020 2030 Dei
1043 1976 1077 2031 et
1099 1968 1217 2032 beatus

165 2070 292 2134 Paulus
305 2069 409 2134 frater
421 2078 500 2134 tuus
517 2072 604 2135 inter
620 2092 735 2135 omnes
751 2080 902 2135 sanctos:
920 2071 1011 2155 quod
1027 2080 1086 2134 tua
1101 2081 1217 2135 sancta

165 2178 314 2242 Romana
329 2177 469 2240 ecclesia
484 2198 535 2239 me
553 2177 699 2239 inritum
715 2175 757 2239 ad
772 2198 832 2238 sua
852 2176 1079 2260 gubernacula
1103 2178 1216 2248 traxit,

164 2291 199 2346 ct
215 2303 276 2367 ego
292 2303 359 2344 non
375 2281 524 2364 rapinam
541 2279 720 2343 arbitratus
736 2301 811 2342 sum
823 2279 865 2342 ad
877 2279 990 2342 sedem
1003 2288 1096 2342 tuam
1109 2300 1218 2342 ascen-

165 2385 253 2462 dere,
265 2387 443 2470 potiusque
454 2385 544 2448 volui
559 2385 664 2446 vitam
676 2405 782 2447 meam
794 2384 829 2445 in
842 2384 1100 2469 perigrinatione
1111 2382 1217 2458 finire,

165 2512 266 2575 quam
289 2490 400 2553 lecum
419 2496 517 2552 tuum
540 2510 600 2572 pro
623 2489 729 2573 gloria
752 2487 868 2551 mundi
895 2489 1057 2552 saeculari
1083 2489 1216 2572 ingenio

165 2596 318 2679 arripere.
364 2594 410 2658 Et
432 2593 508 2658 ideo
532 2615 574 2658 ex
597 2600 657 2656 tua
680 2593 789 2678 gratia
811 2613 878 2656 nen
902 2614 944 2656 ex
966 2593 1046 2655 meis
1063 2591 1217 2675 operibus

165 2699 262 2764 credo
279 2698 371 2783 quod
386 2699 448 2762 tibi
464 2698 593 2782 placuit
605 2705 639 2761 et
652 2698 779 2782 placet:
798 2704 837 2761 ut
848 2697 992 2780 populus
1006 2697 1217 2772 christianus

165 2804 226 2868 tibi
242 2804 431 2888 'specialiter
447 2804 652 2878 commissus
670 2802 751 2865 mihi
768 2801 910 2866 obediat.
945 2799 1142 2885 Specialiter
1158 2822 1218 2884 pro

165 2910 238 2973 vice
254 2917 313 2972 tua
329 2908 411 2971 mihi
427 2909 601 2990 commissa
617 2914 651 2972 et
667 2906 749 2970 mihi
765 2914 824 2970 tua
846 2907 954 2993 gratia
970 2914 1022 2970 est
1036 2913 1184 2990 potestas
1200 2927 1219 2968 a

166 3013 239 3077 Deo
256 3012 334 3077 data
349 3012 477 3099 ligandi
494 3019 595 3097 atque
611 3011 764 3076 solvendi
780 3013 815 3075 in
832 3012 904 3075 0010
918 3011 999 3074 etin
1013 3017 1112 3073 terra.
1145 3009 1218 3072 Hac

165 3118 279 3202 itaque
296 3117 419 3182 fiducia
435 3116 553 3192 fretus,
570 3139 630 3202 pro
647 3117 805 3181 eeclesiae
824 3123 901 3180 tuae
917 3115 1041 3178 honere
1059 3114 1220 3178 000101οη-

165 3223 267 3297 sione,
285 3244 327 3286 ex
344 3229 436 3306 parte
459 3222 697 3306 omnipotentis
714 3220 779 3284 Dei
796 3219 905 3283 Patris
922 3227 956 3283 00
973 3219 1050 3281 Filii
1067 3225 1102 3281 et
1118 3216 1219 3300 Spiri-

166 3334 221 3390 tus
237 3327 344 3390 sancti
360 3348 420 3410 per
432 3334 526 3390 tuam
542 3332 745 3409 potestatem
757 3332 792 3388 00
808 3325 1041 3388 auctoritatem
1059 3322 1220 3385 Heinrico

166 3431 247 3515 regi,
271 3430 340 3493 filio
365 3430 514 3494 Heinrici
537 3430 754 3513 imperatoris
779 3428 838 3512 qui
862 3435 977 3492 contra
1000 3435 1093 3490 tuam
1120 3425 1221 3489 00010-

166 3535 249 3598 siam
264 3534 416 3598 inaudita
432 3532 587 3618 superbia
603 3533 797 3607 insurrexit,
814 3533 919 3596 tetius
942 3533 1038 3617 regni
1063 3530 1221 3594 Teutoni-

167 3660 281 3702 ccrum
315 3646 349 3702 et
384 3639 501 3702 ltaliae
532 3638 760 3722 gubernacula
791 3636 1002 3710 contradic03
1041 3643 1076 3699 et
1106 3655 1219 3698 ornnes

168 3743 364 3806 christianes
388 3764 407 3806 a
430 3742 566 3806 vinculo
589 3742 779 3825 juramenti,
797 3740 889 3824 qued
911 3740 973 3803 sibi
996 3739 1151 3804 lecerunt
1167 3739 1220 3801 vel
