2768 4268
206 309 247 372 80
424 325 557 372 snnncr
580 324 786 371 unnrmvnn
812 324 1043 371 nocunmrvrs.

178 571 180 575 ι
205 493 408 558 horrendum
425 501 460 558 et
480 493 667 558 execrabile
690 474 822 557 facinus
847 499 881 557 et
903 493 1071 578 piaculare
1094 491 1264 580 flagitium

206 605 355 681 ternpore
371 604 485 662 nostro
501 598 724 673 commissum,
737 598 772 658 in
791 597 986 661 Teutonicis
998 596 1160 681 partibus,
1173 599 1265 664 sicut

206 701 380 777 credimus,
398 701 578 785 aliquando
602 701 852 784 intemptatum,
874 701 1092 767 excellentiae
1116 710 1194 767 tuae
1219 705 1264 768 ad

206 807 398 869 memoriam
422 813 626 880 revocantes,
643 826 703 869 nec
727 805 798 868 sine
821 804 941 891 grandi
964 806 1193 885 ammiratione
1217 807 1264 873 fe·

206 917 327 986 rentes
352 909 444 994 quod
469 909 593 993 absque
621 908 724 996 digna
750 910 927 973 severitate
956 909 1124 974 vindictae
1153 933 1261 996 usque

205 1035 295 1077 nunc
312 1014 451 1078 transire
468 1035 584 1098 passus
600 1014 644 1077 sis
660 1021 729 1076 tam
744 1014 922 1098 perniciosi
944 1014 1058 1078 scleris
1081 1014 1262 1080 feritatem.

208 1116 364 1195 Qualiter
388 1119 477 1181 enim
493 1116 691 1181 venerabilis
707 1116 811 1182 frater
831 1125 945 1182 noster
968 1117 1007 1179 E.
1028 1118 1262 1184 Lundenensis

205 1221 482 1306 archiepiscopus,
506 1221 587 1284 dum
610 1243 629 1284 a
651 1221 729 1285 sede
752 1222 935 1306 apostolica
958 1229 1167 1298 remearet,a
1191 1225 1263 1307 qui-

206 1324 347 1389 busdam
359 1326 470 1409 impiis
483 1332 517 1389 et
528 1326 687 1401 scelestis
698 1325 791 1410 quod
801 1326 872 1390 sine
884 1325 1006 1412 grandi
1018 1326 1121 1389 animi
1133 1347 1262 1392 merore

206 1451 273 1493 non
290 1429 442 1505 dicimus
459 1431 495 1493 in
517 1430 669 1514 partibus
692 1431 759 1493 illis
776 1437 894 1514 captus
910 1430 1015 1494 fuerit
1037 1438 1071 1494 et
1094 1429 1202 1494 adhuc
1226 1432 1263 1495 in

206 1533 359 1597 custodia
382 1541 545 1609 teneatur,
568 1534 714 1618 qualiter
737 1535 839 1598 etiarn
862 1535 897 1596 in
920 1535 993 1618 ipsa
1016 1535 1169 1618 captione
1192 1556 1263 1619 pre·

207 1637 297 1701 dicta
324 1639 386 1702 viri
414 1638 605 1722 impietatis,
629 1660 743 1703 semen
770 1661 925 1723 nequam,
948 1638 1009 1700 filii
1036 1638 1199 1714 scelerati,
1224 1639 1260 1701 in
1315 1629 1320 1640 ⁸

206 1764 283 1806 eum
299 1750 334 1806 et
350 1744 385 1805 in
400 1765 477 1807 suos
494 1743 679 1828 evaginatis
695 1743 815 1829 gladiis
832 1744 998 1808 violenter
1018 1745 1204 1809 exarserint
1227 1751 1262 1808 et

206 1868 273 1922 eos,
301 1846 421 1911 ablatis
452 1847 615 1922 omnibus,
647 1869 748 1931 quam
777 1849 921 1932 turpiter
951 1856 1053 1932 atque
1084 1848 1260 1912 inhoneste

206 1952 434 2026 tractaverint,
457 1961 491 2015 et
513 1959 572 2015 tua
595 1953 803 2015 serenissima
826 1952 990 2016 celsitudo
1013 1952 1196 2038 cognoscit,
1216 1959 1262 2016 at

207 2077 271 2138 que
288 2055 332 2118 ad
346 2057 546 2141 longinquas
566 2066 600 2122 et
624 2058 859 2121 remotissimas
883 2059 1036 2143 regiones
1059 2056 1149 2121 fama
1170 2058 1260 2120 tanti

210 2160 344 2224 sceleris
360 2161 427 2245 jam
445 2163 609 2245 pervenit.
655 2162 713 2225 Ad
728 2164 824 2248 cujus
841 2164 958 2247 utique
976 2163 1259 2227 vehementissimi

206 2263 362 2328 facinoris
387 2266 558 2342 ultionem,
576 2268 664 2331 sicut
686 2269 714 2330 is
738 2269 792 2331 cui
815 2267 902 2331 bona
918 2268 1058 2351 placere,
1076 2267 1164 2330 mala
1180 2288 1260 2330 vero

206 2367 382 2451 displicere
413 2369 588 2446 credimus,
614 2373 823 2435 constantius
854 2393 1017 2458 exurgere
1047 2370 1202 2445 debuisti,
1226 2378 1262 2434 et

206 2471 366 2557 gladium,
391 2475 449 2557 qui
477 2474 538 2537 tibi
566 2474 609 2538 ad
632 2476 815 2540 vindictam
839 2475 1102 2550 malefactorum,
1125 2473 1260 2538 laudem

206 2598 284 2639 vero
311 2577 473 2640 bonorum
500 2587 551 2643 est
578 2601 619 2644 ex
651 2580 765 2643 divina
795 2580 984 2664 provisione
1016 2600 1197 2653 concessas
1225 2579 1261 2641 in

207 2681 371 2743 cervicem
387 2680 536 2746 desevire
553 2685 703 2766 oportuit
718 2685 897 2768 impiorum
913 2691 948 2748 et
971 2684 1165 2770 gravissime
1189 2702 1262 2745 con-

206 2791 312 2847 terere
330 2794 585 2869 presumptores.
626 2788 680 2851 Tu
693 2810 772 2853 vero
789 2789 956 2872 adipsum
973 2790 1020 2851 ita
1033 2786 1260 2851 dissimulasse

207 2886 336 2962 diceris
353 2890 511 2953 seviciam
529 2893 728 2977 neglexisse,
746 2892 837 2976 quod
854 2892 987 2956 eosdem
1004 2898 1138 2955 nonest
1159 2911 1261 2974 quare

206 2992 356 3080 peniteat
373 2995 574 3059 commisisse
592 3004 733 3071 reatum,
751 2998 830 3080 quia
850 2997 920 3082 [se]
948 2997 1173 3079 inpunitatem
1196 3014 1264 3058 sac·

207 3096 316 3180 rilegii
328 3097 420 3179 quod
432 3107 607 3182 gesserunt
619 3100 686 3184 jam
698 3101 764 3184 jam
777 3102 931 3165 sentiunt
943 3100 1117 3164 invenisse.
1155 3097 1262 3181 Cujus

207 3198 343 3283 quidem
360 3199 634 3266 dissimulationis
651 3212 686 3267 et
709 3205 945 3289 neglegentiae
969 3224 1103 3267 causam
1127 3202 1262 3286 penitus

206 3304 409 3388 ignoramus,
426 3307 584 3388 quoniam
604 3329 663 3371 nos
686 3309 721 3370 in
745 3309 858 3392 aliquo
881 3308 1070 3373 serenitatis
1094 3313 1172 3371 tuae
1196 3304 1264 3390 glo

206 3408 289 3470 riam
305 3406 495 3484 offendisse,
512 3412 735 3476 conscientiae
751 3412 929 3496 scrupulus
946 3419 1097 3475 nostrum
1113 3410 1263 3472 animum

207 3533 274 3574 non
291 3521 435 3588 accusat,
448 3513 507 3577 sed
523 3538 695 3599 personam
712 3524 805 3580 tuam
817 3517 906 3580 sicut
914 3515 1082 3580 karissimi
1095 3521 1129 3578 et
1140 3512 1264 3596 specia-

207 3616 248 3679 lis
265 3616 325 3678 filii
342 3619 448 3681 nostri
466 3626 500 3682 et
515 3620 675 3703 principis
692 3620 969 3695 christianissimi,
987 3642 1088 3704 quem
1113 3619 1147 3680 in
1172 3637 1264 3700 apos·

208 3721 327 3785 tolicae
344 3721 561 3786 confessionis
573 3731 668 3808 petra
680 3745 747 3787 non
760 3723 959 3809 ambigimus
972 3745 1031 3808 per
1043 3723 1108 3786 Dei
1119 3721 1263 3806 gratiam
