2768 4268
415 323 491 370 rna
515 322 816 370 nonnusraurnu
838 324 983 371 Pharon.
1164 307 1227 372 101

173 493 239 556 lem
256 512 385 576 papam.
418 490 582 554 Dominus
600 512 736 574 quoque
755 491 923 555 Henricus
939 514 998 556 rex
1011 491 1100 556 filius
1113 514 1228 557 eorum

173 597 328 659 similiter
351 617 428 659 eum
450 596 591 678 recipiet
614 602 648 658 61
671 596 701 658 61
725 602 759 658 61
782 595 954 660 catholicis
981 596 1227 661 successoribus

172 701 242 764 suis
259 698 406 763 debitam
422 699 645 762 reverentiam
657 698 826 762 exhibebit
839 706 873 763 et
888 700 1124 784 jurameutum,
1137 700 1229 784 quod

174 804 328 868 dominus
344 805 524 888 imperator
536 803 736 878 exhibuerit,
749 805 901 867 similiter
917 805 1037 888 etipse
1053 805 1227 888 prestabit.

219 908 248 970 9.
279 908 402 971 Pacem
421 915 535 971 autern
551 928 663 970 veram
687 907 798 970 reddit
821 907 975 971 dominus
998 909 1179 992 imperator
1194 916 1230 973 61

174 1012 329 1075 dominus
357 1010 525 1094 Henricus
551 1033 611 1074 rex
643 1011 731 1074 filius
763 1012 834 1095 ejus
864 1012 989 1074 illustri
1017 1013 1087 1098 regi
1115 1010 1227 1075 Sicilie
1263 1036 1266 1043 ·

174 1137 281 1200 usque
297 1115 340 1178 ad
356 1115 426 1178 XV
443 1136 556 1190 annos,
573 1116 662 1178 610111
677 1137 736 1199 per
752 1115 950 1179 mediatores
971 1117 1061 1199 pacis
1077 1123 1130 1179 est
1144 1115 1230 1205 ordi-

174 1227 291 1283 natum
307 1227 341 1283 61
356 1220 529 1304 scriptum.

219 1323 270 1386 10.
303 1322 678 1406 Constantinopolitano
691 1324 793 1387 etiam
809 1324 1000 1406 imperatori
1016 1331 1050 1387 61
1062 1324 1228 1388 universis

174 1427 383 1512 adjutoribus
399 1427 537 1491 60016616
555 1427 703 1490 Romane
720 1448 835 1510 pacem
851 1448 964 1491 veram
981 1426 1092 1490 reddit
1108 1435 1142 1490 61
1156 1427 1230 1490 nul·

173 1532 245 1595 lum
262 1532 388 1595 malum
404 1531 560 1595 meritum
577 1529 697 1594 reddet
714 1532 761 1594 616
782 1552 842 1614 1161
856 1551 891 1593 66
908 1531 962 1594 vel
985 1552 1045 1613 per
1065 1552 1144 1594 suos
1167 1517 1241 1614 pro

173 1636 311 1700 servitio
328 1635 451 1699 collato
467 1635 605 1698 ecclesie
623 1635 781 1697 Romane.

219 1726 281 1802 11.Ι
302 1738 354 1822 De
372 1739 516 1822 querelis
532 1746 645 1802 autem
660 1745 695 1801 61
710 1739 955 1811 controversiis,
973 1759 1037 1822 que
1054 1746 1132 1802 ante
1149 1745 1230 1802 tem-

173 1864 254 1928 pora
270 1842 396 1905 domini
412 1842 555 1905 Adriani
573 1843 662 1905 inter
678 1842 852 1905 ecelesiam
875 1848 909 1905 et
931 1842 1107 1925 imperium
1124 1849 1230 1905 verte·

174 1946 306 2022 bantur,
337 1945 534 2010 mediatores
566 1967 607 2009 ex
638 1953 732 2030 parte
764 1944 890 2007 domini
920 1966 1004 2028 pape
1036 1953 1070 2009 61
1101 1944 1228 2008 domini

174 2052 383 2135 imperatoris
410 2051 671 2124 constituentur,
699 2049 821 2133 quibus
849 2050 1077 2125 comittantur,
1106 2056 1145 2112 ut
1172 2070 1228 2112 eas

173 2155 295 2240 juditio
310 2155 366 2219 vel
382 2153 558 2218 concordia
573 2154 766 2217 terminent.
812 2152 848 2216 Si
865 2175 944 2223 uero
964 2153 1105 2236 predicti
1129 2153 1229 2215 medi·

175 2268 284 2322 atores
307 2280 374 2321 non
398 2259 626 2332 convenerint,
642 2256 765 2341 juditio
788 2256 914 2319 domiui
937 2279 1020 2341 pape
1044 2264 1078 2321 61
1101 2256 1228 2319 domini

175 2364 380 2447 imperatoris
406 2363 460 2426 vel
486 2363 557 2446 ejus
581 2383 641 2425 6611
666 2383 791 2436 eorum,
816 2383 899 2444 quos
925 2360 968 2424 ad
994 2361 1029 2424 id
1053 2361 1227 2446 elegerint,

176 2467 344 2531 finientur.

220 2569 271 2632 12.
304 2569 471 2634 Cristiano
502 2577 616 2634 autem
647 2569 738 2633 dieto
769 2570 966 2634 cancellario
1004 2569 1228 2654 Maguntiuus

175 2673 489 2758 archiepiscopatus,
513 2673 672 2757 Philippo
696 2681 809 2736 autem
832 2674 1031 2737 coloniensis
1054 2672 1230 2756 archiepis·

176 2787 314 2862 copatus
338 2778 566 2842 concedentur
588 2785 622 2841 61
646 2777 932 2841 confirmabuntur
954 2778 1001 2841 eis
1029 2799 1106 2840 cum
1137 2778 1228 2839 omni

175 2882 388 2967 plenitudine
420 2882 709 2966 archiepiscopalis
745 2881 919 2966 dignitatis
950 2890 985 2945 et
1016 2881 1122 2944 ollitii.
1183 2881 1229 2945 Et

175 2988 303 3071 primus
319 2987 632 3070 arclriepiscopitus,
650 2986 708 3069 (1111
726 2987 760 3048 111
777 2985 986 3048 Tlreutonico
1006 3007 1113 3070 regno
1138 3007 1229 3048 vaca·

177 3091 273 3165 verit,
287 3089 421 3152 domino
435 3089 583 3152 (buado
596 3091 795 3153 auctoritate
809 3089 936 3151 domini
952 3111 1035 3173 pape
1053 3098 1087 3152 et
1103 3090 1229 3151 auxilio

101 3263 105 3269 ,
177 3193 302 3256 domini
333 3194 540 3278 imperatoris
571 3194 804 3279 assignabitur,
833 3195 891 3276 qui
922 3199 1034 3256 tamen
1062 3214 1230 3277 congruus

178 3297 341 3361 videatur.

221 3401 273 3464 13.
305 3402 346 3464 Ei
363 3409 476 3465 autem
492 3404 550 3485 (1111
564 3402 687 3465 (licitur
700 3401 855 3464 Calixtus
868 3423 933 3464 11111
944 3400 1075 3463 abbatia
1085 3400 1230 3464 dabitur.

178 3505 234 3568 llli
261 3515 375 3570 autern
400 3507 458 3590 qui
485 3506 682 3569 dicebantur
706 3507 777 3588 ejus
802 3505 985 3569 cardinales
1008 3505 1166 3567 redibunt
1189 3504 1232 3567 ad
1258 3505 1261 3510 ’

178 3609 251 3673 loca
275 3632 340 3694 que
369 3610 475 3693 primo
503 3609 702 3676 halmerunt.
728 3610 794 3670 nisi
822 3631 859 3671 oa
887 3617 1005 3691 sponte
1031 3609 1085 3671 rel
1111 3608 1231 3692 juditio

179 3713 384 3787 dimiserant,
398 3721 432 3776 ct
444 3714 478 3774 in
493 3712 667 3775 ordinibus
684 3734 767 3795 quos
784 3721 861 3775 ante
874 3714 992 3774 scisma
1002 3720 1232 3796 perceperunt,

179 3819 426 3901 relinquentur.
