2768 4268
190 340 231 403 28
409 355 769 403 00000100010101
795 355 1023 403 0000110010.

190 533 317 587 trorum
340 525 581 609 cujuscumque
606 522 831 607 impeditionis
856 511 1094 609 argumentum
1115 544 1244 608 compc-

189 650 267 693 nere
295 629 330 690 in
355 628 520 712 prefatam
544 628 741 691 electionem
766 626 891 704 audiat,
914 626 1138 711 prohibemus,
1164 649 1243 691 nam

189 731 309 797 011100
333 731 531 795 omnimodis
554 732 730 795 instituere
753 732 881 814 placuit
903 738 943 794 ut
966 732 1024 815 qui
1046 733 1150 795 semel
1180 732 1243 796 sub
1319 775 1321 780 -

189 818 331 921 speciale
348 835 541 900 defensione
558 835 672 899 domni
689 835 862 919 apostolici
885 835 954 898 sive
978 842 1091 898 nostra
1114 835 1244 901 fuerint

189 942 347 1025 suscepti,
371 942 548 1025 impetrata
577 941 666 1024 juste
691 947 831 1003 utantur
859 939 1063 1016 defensione,
1094 940 1185 1024 quod
1214 943 1243 1005 si

190 1049 265 1132 quis
288 1049 324 1109 in
348 1068 550 1131 quemquam
573 1047 709 1109 illorum
728 1048 787 1130 qui
809 1046 872 1109 1100
893 1048 1101 1130 promuerint
1117 1047 1242 1111 violare

189 1151 437 1236 presumpserit,
453 1152 538 1214 sciat
560 1172 595 1215 se
618 1151 805 1234 periculum
826 1152 895 1215 vite
918 1172 977 1214 sue
1001 1172 1071 1215 esse
1094 1152 1244 1215 incursu-

189 1278 274 1318 rum.
320 1254 414 1318 illud
443 1255 543 1319 etiarn
574 1255 805 1318 confirmamus
837 1264 875 1318 ut
906 1254 1028 1318 domno
1059 1256 1242 1340 apostolico

189 1362 312 1445 justam
339 1361 374 1423 10
401 1359 552 1424 omnibus
579 1369 715 1424 servent
742 1359 985 1424 oboedientiam
1015 1382 1075 1424 000
1101 1359 1242 1424 ducibus
1320 1383 1324 1389 ·

190 1486 228 1528 ac
251 1463 418 1549 judicibus
442 1466 510 1528 suis
535 1463 578 1527 ad
602 1465 769 1548 justiciam
794 1463 990 1528 faciendam.
1039 1463 1128 1528 Huic
1155 1466 1243 1528 001111

190 1570 400 1633 institucioni
423 1569 485 1633 hoc
509 1570 694 1633 necessario
717 1568 963 1633 adnectendum
987 1590 1057 1633 0000
1079 1570 1244 1654 perspexi-

191 1694 275 1750 mus,
300 1681 340 1737 ut
362 1674 454 1737 missi
477 1673 591 1737 domni
615 1674 788 1757 apostolici
811 1696 870 1737 seu
893 1674 999 1737 nostri
1022 1695 1152 1757 semper
1174 1674 1244 1738 sint

192 1779 367 1843 constituti
384 1779 444 1863 qui
460 1779 633 1841 annuatim
649 1778 743 1842 nobis
759 1779 814 1843 vel
829 1779 898 1842 filio
914 1787 1028 1843 nostro
1046 1780 1242 1844 renunciare

192 1883 337 1958 valeant,
355 1883 501 1967 qualiter
519 1883 645 1968 singuli
668 1882 770 1947 duces
793 1904 831 1946 ac
854 1883 980 1967 judices
1003 1885 1128 1968 populo
1150 1885 1245 1969 justi·

192 1988 277 2051 ciam
298 1986 433 2061 facient,
449 1986 536 2051 hanc
560 1989 766 2072 imperialem
781 1990 1059 2054 constitucionem
1076 1988 1243 2073 quomodo

192 2089 380 2165 observent,
397 2092 456 2174 qui
471 2092 563 2155 missi
579 2092 787 2156 decernimus
804 2101 844 2156 ut
858 2095 1001 2177 primum
1020 2100 1158 2157 cunctos
1182 2093 1245 2156 cla-

193 2215 298 2259 mores
315 2195 374 2279 qui
389 2217 449 2279 per
464 2197 713 2281 neglegentiam
728 2196 852 2260 ducum
869 2220 929 2262 seu
951 2197 1102 2282 judicum
1117 2198 1244 2261 fuerint

192 2299 332 2375 inventi,
357 2299 400 2361 ad
423 2299 715 2363 notitiamdcmni
738 2303 911 2385 apostolici
935 2302 1097 2378 deferant,
1119 2302 1242 2385 etipse

192 2425 298 2466 unum
320 2426 336 2467 e
359 2402 488 2467 duobus
514 2404 634 2489 eligat:
668 2413 728 2469 aut
751 2407 867 2470 statim
890 2428 950 2491 per
970 2407 1103 2471 eosdem
1127 2407 1243 2469 0110000

192 2508 275 2571 fiant
294 2508 364 2591 ipse
381 2508 597 2573 necessitates
614 2509 788 2573 emendate
805 2517 873 2585 aut,
890 2512 990 2575 misso
1013 2519 1127 2575 nostro
1150 2509 1244 2574 nobis

192 2613 422 2688 renunciante,
438 2634 498 2696 001
516 2620 646 2677 0001100
670 2615 786 2678 missos
810 2636 829 2676 a
851 2615 946 2679 nobis
970 2615 1113 2679 directos
1137 2637 1244 2679 emen-

193 2715 326 2780 dentur.
366 2715 441 2780 Hoc
458 2724 498 2780 ut
514 2717 555 2781 ab
570 2718 722 2782 omnibus
739 2717 892 2782 fidelibus
905 2727 1019 2783 sancte
1037 2718 1089 2783 dei
1106 2720 1243 2783 00010010

193 2827 228 2884 01
242 2821 365 2884 0001110
388 2819 521 2907 firmum
544 2843 615 2886 0000
639 2822 803 2899 credatur,
821 2824 971 2907 propriae
996 2845 1113 2888 manus
1138 2825 1253 2909 signa-¹

193 2925 269 2988 culo
287 2932 321 2988 ct
336 2925 500 2988 nobilium
516 2927 718 3009 optimatum
733 2935 924 2991 nostrorum
948 2928 1245 3012 subscriptionibus

192 3028 406 3112 hoc-pactum
430 3029 689 3094 confirmationis
714 3039 824 3095 000110
847 3032 1073 3096 roboravimus
1097 3040 1132 3096 et
1153 3033 1244 3096 bullc

193 3140 304 3197 nostre
320 3134 518 3217 inpressioni
534 3135 702 3220 adsignari
717 3136 884 3219 jussimus.

239 3236 297 3319 (f)
323 3236 465 3323 Signum
480 3239 594 3303 domni
612 3238 747 3303 Ottonis
764 3241 964 3304 serenissimi
987 3240 1192 3324 imperatoris
1208 3261 1245 3302 ac

192 3361 329 3404 suorum
345 3343 574 3426 cpiscoporum
592 3343 749 3406 abbatum
766 3350 799 3406 et
815 3345 985 3407 comitum.

239 3444 297 3527 (i)
324 3444 466 3531 Signum
483 3445 652 3532 Adaldagi
677 3447 973 3532 Hamaburgiensis
990 3447 1127 3511 ecclesie
1145 3446 1247 3510 archi-

193 3549 349 3632 episcopi.
396 3549 538 3636 Signum
555 3549 729 3615 Hartberti
746 3550 917 3614 Curiensis
934 3552 1071 3615 ecclesie
1088 3552 1245 3635 episcopi.

196 3653 312 3735 (Thon
329 3652 445 3717 follow
460 3655 517 3718 the
534 3676 647 3718 names
665 3653 701 3717 cf
723 3653 942 3739 twenty-four
958 3653 1102 3739 bishops,
1119 3654 1245 3731 abbots,

193 3756 260 3820 and
275 3759 425 3841 counts.)
