2768 4268
174 323 214 385 96
393 331 524 378 subscr
548 328 753 374 rrnnrmvsu
779 328 1011 375 occurruurs.

174 601 248 661 THE
261 600 469 661 WURZBURG
483 598 772 662 Pnoomnl‘rror
788 598 831 659 OF
847 597 1057 660 PREDERIOK
1071 598 1094 659 1.
1117 600 1233 680 (1165).

549 765 866 826 mommnm]

218 909 408 974 Fridericus
424 909 489 973 Dei
508 910 616 994 gratia
641 909 868 972 Romanorum
891 908 1072 992 imperator
1095 916 1130 973 et
1152 931 1235 974 sem·
1287 893 1293 900 ⁸

173 1021 430 1099 perangustus,
454 1013 721 1097 archiepiscopis
744 1013 917 1096 episcopis
940 1012 1123 1087 abbatibus,
1141 1013 1236 1077 cleri-

174 1119 231 1193 cis,
245 1117 396 1192 ducibus,
409 1116 663 1192 marchionibus,
676 1116 852 1179 comitibus
866 1123 901 1179 ct
913 1115 1066 1179 omnibus
1080 1116 1233 1182 fidelibus

173 1223 252 1297 suis
270 1223 413 1285 salutem
430 1231 464 1285 et
480 1243 577 1285 omne
596 1221 731 1284 bonum.
778 1219 919 1283 Cunctis
940 1229 1058 1283 notum
1082 1229 1134 1284 est
1157 1244 1235 1306 pop

174 1327 250 1402 ulie,
267 1327 413 1410 qualiter
435 1334 551 1389 exorta
574 1325 744 1408 quondam
770 1325 859 1388 inter
882 1325 1039 1388 ecclesiae
1064 1324 1233 1391 Romanae

174 1430 361 1494 cardinales
384 1429 425 1494 de
449 1430 671 1514 apostolicatu
699 1428 864 1492 discordia
890 1430 925 1491 iu
950 1450 1045 1514 reges
1070 1450 1108 1492 ac
1131 1450 1233 1515 regna

174 1535 301 1618 impetu
317 1530 475 1619 pestifero
492 1541 544 1597 est
560 1533 693 1596 diffusa.
740 1532 806 1595 Pro
823 1554 889 1616 qua
908 1532 950 1595 ad
972 1532 1118 1616 optabile
1141 1535 1233 1617 pacis

173 1637 298 1702 bonum
321 1637 508 1702 revocanda
524 1644 668 1721 quantos
692 1644 769 1720 post
791 1637 906 1700 beatae
930 1638 1106 1700 memoriae
1128 1658 1232 1722 papae

174 1742 321 1806 Victoris
345 1743 543 1806 electionem
570 1762 607 1805 ac
636 1741 922 1804 confirmationem
949 1741 1146 1804 catholicam
1173 1740 1234 1804 Pa-

174 1847 258 1931 piae,
272 1846 417 1922 Landae‚
432 1845 625 1921 Mediolani,
639 1845 771 1909 Laonae
788 1851 889 1928 atque
901 1845 937 1907 in
950 1844 1089 1908 diversis
1102 1845 1233 1929 imperii

174 1950 294 2014 finibus
318 1953 508 2034 incorpore
532 1959 645 2013 nostro
668 1949 795 2013 labores
820 1956 889 2012 tarn
911 1970 973 2012 nos
997 1970 1099 2032 quam
1121 1949 1233 2013 incliti

83 2112 85 2117 .
174 2055 340 2138 principes
356 2055 462 2117 nostri
479 2055 723 2138 pertulerimus,
741 2060 884 2137 quantas
896 2074 1008 2116 rerum
1024 2053 1136 2136 copias
1159 2054 1231 2117 zelo
1316 2076 1317 2080 ¹

173 2159 322 2242 justitiae
338 2143 610 2243 impenderimus,
626 2159 661 2220 in
681 2157 838 2221 extremis
863 2178 997 2240 quoque
1021 2156 1138 2219 mundi
1160 2179 1233 2241 par·

174 2262 263 2326 tibus
279 2263 346 2347 jam
361 2262 515 2325 auditum
530 2283 599 2324 non
621 2261 823 2324 dubitamus.
862 2260 1017 2344 Denique
1040 2259 1231 2324 beatissimo

174 2388 260 2450 papa
288 2366 426 2431 Victore
454 2354 497 2428 ad
520 2365 665 2450 paradisi
692 2365 815 2449 quadia
841 2372 1012 2448 assumpto
1039 2371 1074 2428 et
1097 2364 1188 2450 inej

174 2471 287 2534 locum
308 2471 349 2534 ab
368 2472 529 2555 episcopis
553 2491 591 2533 ac
616 2468 839 2533 cardinalibus
862 2470 968 2533 almae
992 2468 1079 2533 sedis
1103 2477 1232 2553 aposto

80 2566 83 2571 ’
174 2575 258 2638 licae
282 2575 417 2637 domino
441 2574 583 2650 Pascali,
600 2575 672 2638 viro
689 2573 974 2648 christianissimo,
991 2573 1230 2656 inpraesentia

175 2680 405 2762 episcoporum
425 2686 460 2742 et
483 2679 716 2763 religiosorum
740 2676 991 2761 Longobardiae
1015 2698 1053 2740 ac
1078 2677 1230 2752 Tusciae,

174 2783 317 2846 illustris
348 2804 482 2866 quoque
514 2781 675 2865 praefecti
706 2781 797 2845 urbis
828 2781 952 2844 Romae
979 2803 1017 2844 ac
1045 2780 1231 2844 multorum

175 2886 338 2948 nobilium
355 2886 580 2949 Romanorum
597 2885 760 2948 catholice
784 2884 978 2960 substituto,
995 2885 1106 2969 ipsum
1129 2885 1230 2947 etiam

175 2991 349 3053 dominum
374 2990 548 3054 Pascalem
573 3011 614 3053 ex
640 2990 799 3052 ecclesiae
823 3011 859 3051 ac
884 2990 1073 3072 principum
1100 2988 1231 3072 imperii

175 3095 299 3180 judicio
326 3103 428 3177 atquc
445 3095 583 3157 consilio
610 3095 645 3155 in
670 3114 790 3176 papam
815 3100 850 3156 et
873 3100 1002 3176 patrem
1027 3093 1230 3155 catholicum
1280 3137 1282 3141 ψ

174 3200 406 3282 sollempniter
426 3199 611 3281 recepimus
636 3197 817 3280 debitoque
840 3197 965 3260 honore
989 3218 1119 3280 semper
1134 3218 1232 3260 venc—
1288 3216 1289 3220 ’

176 3304 242 3367 rari
265 3302 481 3366 intendimus.
528 3301 673 3364 Proinde
691 3300 859 3363 obstinata
876 3301 1139 3364 scismaticorum
1161 3321 1232 3384 per-

176 3407 263 3483 fidia,
290 3415 430 3470 mortem
455 3407 518 3470 viri
545 3406 626 3490 justi
653 3405 721 3467 suis
746 3404 955 3468 successibus
980 3412 1094 3488 aperta
1119 3403 1230 3467 fronte
1292 3403 1294 3407 ’

176 3511 346 3586 anhelans,
370 3511 505 3573 sircneis
532 3511 600 3572 suis
631 3507 807 3571 blandiciis
838 3507 988 3571 fidelium
1019 3507 1232 3592 quorundam

176 3617 303 3679 animos
320 3613 402 3677 adeo
420 3614 536 3676 molita
552 3620 604 3676 est
623 3612 664 3675 de
683 3634 770 3675 novo
793 3612 980 3686 immutare,
997 3619 1045 3687 ut,
1063 3613 1126 3674 nisi
1150 3633 1232 3673 mor-

176 3720 226 3784 bis
243 3720 337 3782 novis
353 3740 441 3781 nora
456 3716 602 3781 remedia
621 3717 783 3779 maturius
805 3716 1036 3800 objicerentur,
1053 3736 1128 3799 pars
1153 3735 1233 3798 quo·
