2768 4268
154 339 195 403 52
372 355 504 403 sennar
528 356 733 403 unonnvsn
759 316 997 406 nocuimurs(

198 525 292 588 lnter
309 545 393 608 quos
408 525 599 608 specialiter
615 525 807 603 Heinricus,
825 548 926 611 quem
944 526 1064 593 dicunt
1082 550 1207 615 regem,

155 627 308 692 Heinrici
335 629 543 712 imperatoris
568 627 668 706 filius,
695 637 811 693 contra
838 640 984 694 vestram
1014 633 1208 698 calcaneum

155 733 263 798 erexit
286 732 469 809 ecclesiam,
490 732 580 796 facta
603 754 681 796 cum
704 734 819 797 multis
843 735 1005 819 episcopis
1029 736 1209 801 ultramon-

154 838 241 901 tanis
257 846 291 900 et
307 837 434 900 Italicis
445 838 698 921 conspiratione,
709 838 874 914 annitens,
888 860 939 902 me
950 837 1125 905 deiciendo
1135 863 1207 906 eam

153 942 216 1006 sibi
226 942 416 1027 subjugare.
449 941 554 1026 Cujus
566 942 739 1026 superbiae
753 950 865 1006 vestra
878 944 1003 1008 resistit
1013 945 1207 1023 auctoritas,

155 1070 293 1132 eramque
310 1055 421 1112 vestra
440 1047 608 1111 destruxit
623 1056 781 1133 potestas.
829 1048 906 1127 Qui,
923 1049 1083 1113 confusus
1099 1057 1135 1115 et
1149 1051 1209 1114 hu-

155 1153 320 1215 militatus
336 1150 379 1214 ad
395 1173 446 1215 me
463 1152 498 1213 in
512 1151 778 1237 Longobardiam
791 1154 940 1229 veniens,
954 1152 1207 1231 absolutionem,

154 1256 196 1321 ab
219 1256 562 1319 excommunicatione
587 1256 765 1339 quaesivit.
812 1256 922 1335 Quem
938 1278 1000 1343 ego
1016 1257 1134 1322 videns
1149 1257 1209 1322 hu-

155 1364 330 1439 miliatum,
348 1363 465 1426 multis
485 1362 526 1426 ab
542 1384 580 1427 eo
596 1363 869 1446 promissionibus
893 1364 1038 1447 acceptis
1061 1362 1103 1429 de
1127 1384 1207 1429 suae

155 1469 244 1533 vitae
261 1467 505 1544 emendatione,
518 1468 623 1531 solam
641 1469 671 1532 ei
687 1468 957 1531 communionem
973 1467 1123 1544 reddidi3
1139 1489 1208 1532 non

154 1580 266 1636 tamen
282 1573 317 1635 in
333 1593 446 1658 regne,
462 1593 481 1635 a
497 1593 565 1656 quo
581 1593 659 1636 eum
681 1572 714 1634 in
741 1572 890 1636 Romana
905 1572 1033 1657 synodo
1050 1571 1209 1657 deposue-

154 1700 234 1753 ram,
252 1678 456 1752 instaurari3
480 1698 539 1741 uec
564 1676 760 1742 fidelitatem
783 1678 942 1753 omnium,
959 1677 1018 1761 qui
1036 1676 1099 1741 sibi
1121 1677 1209 1761 jura·

155 1793 274 1851 verant
289 1786 343 1850 vel
360 1792 454 1850 erant
476 1785 630 1869 juraturi,
647 1805 666 1847 a
682 1805 749 1868 qua
765 1805 880 1847 omnes
897 1782 1025 1847 absolvi
1040 1783 1076 1858 in
1091 1780 1207 1847 eadem

154 1889 292 1976 synodo,
309 1897 349 1953 ut
363 1889 426 1953 sibi
442 1896 639 1964 servaretur,
657 1888 820 1973 praecipe.
866 1887 912 1952 Et
932 1886 1014 1951 haec
1034 1885 1109 1951 ideo
1126 1884 1208 1951 deti-

154 1996 225 2069 nui,
242 2001 281 2057 ut
306 1995 395 2057 inter
418 2015 495 2057 eum
519 2001 553 2057 et
575 1993 747 2076 episcopos
763 1993 817 2056 vel
841 1992 1007 2077 principes
1027 1990 1208 2054 ultramon-

153 2106 259 2172 tanos,
277 2098 335 2181 qui
352 2099 382 2161 ei
399 2118 497 2160 causa
512 2097 667 2180 jussionis
680 2103 810 2160 vestrae
827 2096 987 2160 ecclesiae
1003 2096 1207 2171 restiterant,

153 2203 317 2287 justitiam
345 2201 489 2265 facerem
520 2202 574 2265 vel
605 2221 719 2285 pacem
743 2221 994 2284 componerem3
1024 2199 1206 2284 sicutipse

154 2306 334 2371 Heinrieus
353 2306 541 2390 juramento
564 2327 624 2388 per
646 2304 729 2368 duos
745 2305 915 2389 episcopos
939 2303 1021 2366 mihi
1043 2304 1206 2388 promisit.

155 2409 324 2474 Praedicti
340 2418 454 2473 autem
466 2409 611 2494 episcopi
624 2417 658 2472 et
673 2410 839 2492 principes
852 2408 1103 2484 ultramontani,
1116 2407 1208 2471 audi-

155 2523 260 2588 entes,
284 2515 379 2577 illum
404 2535 472 2577 non
494 2535 627 2577 servare
651 2513 733 2575 mihi
764 2512 855 2596 quod
882 2514 1087 2596 promiserat,
1110 2512 1206 2596 quasi

155 2618 321 2703 desperati
337 2617 378 2682 de
395 2640 444 2693 eo,
461 2619 531 2681 sine
555 2639 628 2681 meo
652 2617 790 2681 consilio
813 2616 906 2680 vobis
930 2617 1081 2693 testibus
1101 2617 1208 2702 elege-

155 2732 235 2786 runt
250 2723 312 2787 sibi
330 2722 520 2786 Rudulfum
536 2721 655 2784 ducem
679 2722 714 2784 in
738 2743 861 2806 regem.
909 2720 976 2799 Qui
1000 2742 1063 2809 rex)
1083 2719 1208 2784 Rodul-

154 2827 208 2891 fus
224 2827 425 2892 festinanter
447 2825 489 2889 ad
514 2848 564 2889 me
590 2826 689 2888 misso
712 2826 835 2888 nuncio
858 2824 1038 2888 indicavit:
1062 2846 1097 2888 se
1117 2845 1208 2888 coac·

154 2939 228 2996 tum
243 2932 338 3017 regni
354 2930 582 3017 gubernacula
598 2931 780 3013 suscepisse
802 2937 933 3004 tamen3
957 2951 1027 2993 sese
1052 2935 1206 3012 paratum

154 3036 236 3099 mihi
252 3035 406 3099 omnibus
431 3033 537 3098 modis
561 3033 725 3098 oboedire.
772 3034 818 3097 Et
833 3041 873 3097 ut
888 3034 950 3097 hoc
967 3034 1079 3098 verius
1096 3031 1207 3097 creda-

153 3148 219 3215 tur,
233 3162 361 3223 semper
377 3161 419 3203 ex
436 3160 475 3202 eo
491 3146 638 3222 tempore
655 3137 805 3202 eundum
822 3138 902 3201 mihi
920 3138 1011 3201 misit
1025 3158 1205 3211 semonem‚

154 3241 300 3305 adiciens
323 3241 424 3305 etiam
447 3241 516 3303 filio
540 3261 600 3303 suo
624 3239 737 3303 obside
761 3247 796 3303 ct
818 3239 925 3302 fidelis
941 3239 994 3302 sui
1011 3239 1105 3302 ducis
1129 3237 1208 3301 Ber-

153 3345 238 3409 taldi
253 3346 332 3420 filio,
350 3343 439 3427 quod
455 3343 680 3429 promittebat,
698 3344 837 3407 firmare.
876 3343 1009 3407 Interea
1027 3342 1205 3406 Heinricus

154 3450 243 3533 cepit
266 3471 316 3512 me
341 3449 477 3532 precari,
495 3448 646 3511 utillum
670 3456 786 3511 contra
810 3447 999 3531 predictum
1019 3444 1205 3510 Rodulfum

153 3554 356 3637 adjuvarem.
403 3551 468 3615 Cui
495 3551 668 3636 respondi:
701 3574 752 3615 me
776 3552 921 3616 libenter
950 3551 1058 3615 iacere
1090 3549 1206 3613 audita

154 3659 329 3740 utriusque
354 3656 458 3740 partis
486 3657 623 3731 ratione,
647 3664 687 3720 ut
709 3657 837 3731 scirem,
861 3657 915 3719 eui
946 3656 1076 3740 justitia
1100 3653 1205 3739 magis

153 3762 291 3825 faveret.
338 3760 400 3826 Ille
417 3782 496 3825 vere
512 3769 645 3845 putans
662 3761 731 3824 suis
747 3761 874 3824 viribus
891 3781 967 3824 eum
982 3779 1077 3844 posse
1095 3757 1207 3823 devin-
