2768 4268
204 309 264 367 108
432 323 564 369 SELBCT
587 323 792 370 MEDIAEVAL
816 325 1042 374 DOCUMENTS.

203 490 411 553 manicatum
428 491 463 552 in
478 513 602 577 regem,
615 500 806 576 tyrannum,
819 494 874 557 vel
890 492 1033 571 fatuum,
1049 494 1256 563 haereticum

204 594 376 679 eligerent,
389 604 448 658 aut
459 616 638 680 paganum,
652 618 711 659 nos
724 598 897 683 inungere,
911 619 1101 681 consecrare
1115 621 1153 665 ac
1167 623 1258 668 coro

200 719 277 760 nare
294 698 461 762 hominem
478 699 670 783 hujusmodi
687 700 909 764 deberemus?
958 702 1058 767 Absit
1073 707 1220 771 omnino.

245 800 435 885 Objcctioni
466 825 545 889 ergo
573 805 762 888 principum
788 805 1038 889 respondentes
1063 811 1256 889 asserimus,

200 905 292 989 quod
315 907 447 991 legatus
469 916 580 971 noster
596 909 772 992 episcopus
790 908 1028 975 Praenestinus
1045 914 1254 980 carissimum

199 1010 233 1070 in
252 1008 387 1073 (bristo
407 1010 513 1073 filium
537 1020 690 1075 nostrum
713 1013 926 1097 approbando
949 1037 1063 1101 regem
1080 1016 1255 1097 Ottonem,

199 1121 234 1177 et
256 1113 461 1198 reprobando
485 1115 679 1200 Philippum
702 1116 822 1181 ducem
847 1118 997 1194 Suaviac,
1020 1142 1081 1184 nec
1097 1122 1255 1188 electoris

198 1218 302 1303 gessit
317 1240 502 1302 personam,
519 1220 617 1304 juxta
633 1220 724 1304 quod
746 1221 839 1286 nobis
863 1245 922 1307 per
944 1224 1057 1287 literas
1080 1246 1157 1289 suas
1181 1229 1256 1311 qui·

199 1320 275 1383 darn
288 1323 476 1407 principum
490 1323 710 1407 opponebant,
724 1332 841 1409 utpote
855 1348 920 1410 que
933 1349 995 1392 nec
1008 1327 1089 1393 fecit
1104 1330 1253 1414 aliquem

198 1426 288 1511 eligi,
306 1447 366 1489 nec
383 1427 497 1512 elegit,
514 1429 609 1490 etsie
626 1429 785 1493 electioni
806 1452 1018 1515 nequaquam
1042 1434 1182 1518 ingessit
1204 1457 1254 1513 se,

199 1551 260 1593 nec
280 1531 462 1616 cognitoris
486 1553 659 1615 pe1sonanr
684 1533 847 1608 exhibuit,
864 1556 969 1618 quum
992 1539 1144 1601 neutrius
1168 1539 1255 1604 elec·

200 1636 327 1698 tionem
343 1635 454 1719 quoad
469 1635 596 1698 facturn
615 1637 813 1723 eligentium
826 1639 1090 1703 confirmandum
1104 1641 1253 1720 duxerit,

198 1740 373 1803 autetiam
390 1739 631 1802 infirmandam.
664 1740 710 1804 Et
725 1742 772 1805 sic
791 1743 844 1826 jus
860 1742 922 1806 sibi
938 1744 1129 1829 principum
1144 1747 1254 1810 nulla-

197 1850 295 1906 tenus
312 1844 487 1926 usurpavit
506 1853 565 1907 aut
581 1845 676 1908 venit
698 1854 815 1909 contra
838 1846 934 1922 illud,
951 1847 1114 1912 Excreuit
1136 1857 1252 1914 autem

197 1946 445 2011 denunciatoris
462 1946 617 2023 officium,
635 1950 714 2032 quia
730 1971 905 2033 personam
921 1950 1016 2015 ducis
1033 1952 1182 2036 ejusdem
1203 1955 1253 2016 in·

197 2051 343 2135 dignam,
360 2059 394 2115 et
409 2073 583 2134 personam
607 2055 696 2138 regis
720 2053 938 2118 denunciavit
960 2054 1112 2120 idoneam
1136 2058 1251 2141 quoad

196 2155 373 2239 imperium
397 2156 627 2231 obtinendum,
652 2179 720 2220 non
744 2166 813 2221 tam
835 2167 971 2243 propter
992 2159 1105 2223 studia
1128 2162 1252 2246 eligen-

197 2265 291 2335 tium,
309 2287 408 2348 quam
433 2272 569 2349 propter
589 2264 707 2327 merita
733 2263 935 2337 electorum3
960 2265 1112 2346 quamvis
1135 2265 1249 2348 plures

196 2390 238 2431 ex
258 2370 335 2444 illis,
353 2370 410 2452 qui
435 2367 581 2453 eligendi
606 2389 718 2453 regem
742 2367 776 2428 in
800 2368 1030 2450 imperatorem
1055 2389 1251 2452 promoven-

196 2471 276 2534 duur
299 2472 339 2536 dc
367 2474 438 2557 jure
463 2495 499 2536 ae
524 2471 564 2535 de
589 2469 834 2535 consuetudine
859 2470 1013 2534 obtinent
1036 2479 1249 2555 potestatem,

196 2577 399 2640 consensisse
424 2575 664 2660 perhibeantur
688 2576 721 2637 in
747 2576 854 2658 ipsum
880 2597 991 2659 regem
1016 2576 1189 2651 (lttonem,
1214 2585 1251 2640 et

196 2702 237 2743 ex
254 2702 303 2755 co,
320 2680 411 2764 quod
434 2681 581 2743 fautores
606 2679 755 2762 Philippi
781 2678 886 2753 ducis,
902 2678 1093 2742 absentibus
1117 2680 1191 2743 aliis
1214 2688 1252 2745 et

196 2785 407 2867 contemptis,
431 2785 539 2868 ipsum
563 2784 685 2869 eligere
714 2784 1019 2866 praesumpserunt,
1043 2791 1166 2867 pateat,
1191 2805 1250 2848 eos

142 2959 144 2963 ¹
195 2910 367 2972 perperam
397 2889 604 2973 processisse,
631 2910 735 2971 quum
768 2887 932 2970 explorati
963 2888 1008 2950 sit
1037 2888 1130 2971 juris,
1156 2888 1249 2971 quod

196 2994 351 3056 electioni
390 2994 465 3077 plus
504 3000 716 3076 contemptus
751 2992 862 3064 unius,
895 3012 995 3074 quam
1027 2991 1251 3056 contradictio

195 3098 377 3160 multorum
397 3097 545 3161 obsistat.
585 3096 694 3169 Unde,
713 3096 791 3179 quia
814 3095 1030 3180 privilegium
1054 3103 1251 3160 meruerunt

194 3202 345 3265 amittere
371 3202 428 3285 qui
453 3202 612 3285 permissa
635 3200 697 3263 sibi
721 3198 815 3261 abusi
838 3208 919 3262 sunt
942 3206 1119 3282 potestate,
1139 3197 1249 3264 videri

195 3327 261 3367 non
286 3307 451 3369 immerito
476 3313 597 3389 potest,
622 3303 715 3388 quod
739 3303 861 3387 injuria
886 3301 1079 3385 hujusmodi
1103 3324 1170 3365 non
1195 3303 1250 3368 ob

194 3416 304 3472 stante
332 3411 433 3473 ceteri
460 3411 510 3471 uti
535 3410 683 3493 poterint
709 3409 781 3492 jure
806 3429 877 3470 sue.
924 3406 970 3469 Et
994 3408 1153 3489 quoniam
1176 3406 1248 3471 dux

194 3514 384 3597 praedictus
408 3535 468 3577 nec
493 3513 549 3575 ubi
573 3512 697 3586 debuit,
715 3533 775 3575 nec
799 3533 818 3573 a
842 3532 909 3593 quo
926 3509 1052 3585 debuit,
1070 3518 1105 3575 et
1120 3512 1250 3576 unctio·

194 3639 268 3680 nem
286 3618 423 3701 accepit,
437 3625 637 3680 memoratus
652 3638 729 3680 vero
747 3636 804 3678 rex
822 3622 856 3677 et
872 3613 929 3676 ubi
946 3612 1070 3686 debuit,
1088 3613 1252 3680 videlicet

195 3721 412 3806 Aquisgrani,
429 3728 463 3783 et
482 3743 500 3782 a
520 3741 587 3803 quo
611 3719 736 3793 debuit,
753 3718 881 3781 scilieet
899 3738 918 3779 a
938 3716 1120 3781 venerabili
1143 3716 1249 3783 fratre
