2768 4268
198 278 261 341 144
418 294 550 342 suasor
572 294 779 341 nnormvnn
800 295 1030 343 noconnnrs.

196 485 257 548 per
272 464 422 549 singulas
438 485 566 527 menses
583 461 661 527 darc
685 471 811 528 certam
833 464 974 548 pecunie
997 487 1058 550 pro
1083 474 1254 532 construc-

198 569 289 632 tione
317 575 500 631 castrorum
530 589 704 631 novorum.
751 567 838 632 Item
865 571 1194 636 excommunicamus
1218 580 1254 636 et

194 671 515 736 anathematizamus
531 671 686 736 eumdem
707 694 767 756 pro
787 694 825 736 eo
849 672 941 756 quod
964 681 1079 738 contra
1102 682 1252 741 tenorem

196 776 288 860 pacis
303 777 331 839 si
348 777 406 859 qui
423 775 627 839 adheserunt
650 776 808 852 Ecclesie,
825 776 920 840 bonis
942 778 1096 847 omnibus
1119 781 1253 865 spoliati

195 881 334 944 exulare
352 887 519 966 coguntur
534 887 695 964 tanquam
711 882 897 965 proscripti,
914 883 1074 947 uxoribus
1091 891 1126 948 et
1140 884 1252 949 liberis

195 984 385 1068 captivatis.
424 983 511 1048 Item
535 985 862 1049 excommunicamus
883 993 918 1051 et
933 987 1252 1052 anathematizamus

196 1087 354 1152 eumdem
380 1110 439 1172 pro
466 1110 504 1152 eo
532 1088 624 1172 quod
650 1110 709 1173 per
732 1090 843 1173 ipsum
870 1091 1053 1175 impeditur
1078 1093 1252 1177 negotium

199 1193 302 1257 Terre
334 1191 456 1257 Sancte
488 1201 523 1258 et
552 1195 716 1278 reparatio
747 1195 876 1278 imperii
908 1195 1079 1260 Romania.
1127 1194 1253 1261 Omnes

197 1306 313 1362 autem
335 1299 394 1382 qui
416 1298 604 1382 juramento
629 1298 799 1362 fidelitatis
824 1299 855 1364 ei
878 1307 1037 1363 tenentur
1060 1300 1188 1363 astricti
1211 1301 1254 1364 ab

196 1403 349 1488 ejusdem
373 1402 602 1467 observatione
627 1404 806 1488 juramenti
835 1403 1043 1468 decernimus
1071 1403 1253 1481 absolutos

199 1529 240 1571 ne
256 1507 320 1571 sibi
335 1507 533 1572 fidelitatem
549 1508 727 1572 observent
743 1507 914 1572 districtus
930 1507 1119 1572 inhibentes
1141 1529 1254 1592 quam·

191 1611 258 1683 'diu
274 1612 376 1676 fuerit
392 1612 528 1676 vinculo
553 1612 908 1676 excommunicationis
933 1612 1100 1676 astrictus.
1146 1610 1254 1697 Super

197 1716 467 1801 oppressionibus
485 1738 564 1781 vero
581 1725 615 1780 et
630 1717 704 1780 aliis
721 1716 970 1802 gravaminibus
986 1716 1159 1793 nobilium,
1176 1712 1255 1802 pau-

199 1843 325 1905 perum,
342 1821 529 1897 viduarum,
546 1821 769 1906 orphanorum
786 1828 821 1885 et
836 1821 977 1884 aliorum
999 1820 1041 1885 de
1064 1841 1178 1906 regno,
1194 1843 1254 1906 pro

197 1926 322 2010 quibus
352 1925 442 1989 idem
473 1925 669 1989 Fredericus
700 1925 781 1989 alias
813 1924 940 2009 juravit
968 1933 1055 1989 stare
1087 1924 1254 1988 mandatis

200 2030 360 2105 Ecclesie,
376 2031 485 2114 ipsum
502 2029 709 2093 intendimus
725 2028 902 2093 admonere
919 2036 954 2093 et
969 2029 1003 2091 in
1020 2029 1091 2113 ipso
1107 2029 1253 2114 negotio

197 2134 302 2198 dante
319 2133 475 2209 Domino,
492 2133 710 2217 procedemus
729 2134 818 2198 sicut
839 2133 927 2217 juste
951 2131 1055 2197 fuerit
1076 2131 1255 2216 proceden-

201 2238 291 2301 dum.
331 2238 433 2300 Porro
446 2259 505 2321 pro
518 2237 671 2300 omnibus
684 2245 719 2300 et
734 2237 877 2323 singulis
896 2236 1095 2320 supradictis
1112 2259 1171 2321 pro
1184 2237 1255 2320 qui-

200 2342 262 2406 bus
278 2342 388 2405 dietus
406 2341 601 2405 Fredericus
617 2363 636 2405 a
652 2341 746 2404 nobis
768 2340 950 2427 diligenter
973 2340 1040 2404 fuit
1063 2340 1255 2404 admonitus

198 2455 236 2510 et
256 2445 452 2529 frequenter
476 2467 535 2509 nec
560 2467 673 2529 parere
698 2447 840 2522 curavit,
860 2445 1015 2510 eumdem
1039 2444 1257 2509 Fredericum

198 2550 554 2614 excommunicationis
579 2557 613 2613 et
636 2550 856 2614 anathematis
880 2550 1016 2613 vinculo
1043 2548 1254 2613 innodamus.
1323 2544 1326 2550 ’

200 2654 361 2718 Ceterum
377 2654 456 2737 quia
477 2652 565 2716 idem
589 2652 785 2717 Fredericus
810 2653 850 2717 de
873 2653 972 2717 dictis
996 2660 1030 2717 et
1052 2652 1151 2716 factis
1174 2653 1253 2727 suia,

200 2759 317 2821 multis
334 2756 554 2821 clamantibus
571 2779 630 2841 per
646 2757 834 2820 universam
852 2758 947 2840 quasi
963 2757 1074 2822 orbem
1098 2755 1190 2840 quod
1213 2754 1254 2820 de

202 2862 366 2926 catholiea
382 2861 446 2924 fide
462 2862 544 2924 recti
562 2881 630 2923 non
653 2862 786 2935 sentiat,
803 2868 854 2924 est
876 2861 1025 2945 graviter
1048 2859 1255 2936 diffamatus,

202 2988 261 3030 nos
279 2966 378 3029 dante
396 2965 542 3028 Domino
558 2986 658 3049 super
673 2965 734 3027 hoc
751 2965 825 3027 loco
840 2986 902 3027 suo
922 2974 956 3028 et
975 2971 1123 3047 ternpore
1147 2985 1257 3048 proce·

200 3070 329 3145 demus
346 3068 531 3133 secundum
550 3067 638 3149 quod
654 3068 689 3130 in
706 3067 828 3132 talibus
843 3068 986 3152 requirit
1002 3068 1082 3132 ordo
1098 3067 1191 3152 juris.
